<collection xmlns='http://www.loc.gov/MARC21/slim' xmlns:xsi='http://www.w3.org/2001/XMLSchema-instance' xsi:schemaLocation='http://www.loc.gov/MARC21/slim http://www.loc.gov/standards/marcxml/schema/MARC21slim.xsd'>
<record xmlns="http://www.loc.gov/MARC21/slim">
    <leader>     nam a22     5i 4500</leader>
    <controlfield tag="001">W00CHZ0103335</controlfield>
    <controlfield tag="008">^^^^^^suuuu^^^^cc^^^^^^^^^^^|||||||tib^d</controlfield>
    <datafield tag="040" ind1=" " ind2=" ">
        <subfield code="a">MaCbTBRC</subfield>
        <subfield code="c">MaCbTBRC</subfield>
    </datafield>
    <datafield tag="245" ind1="0" ind2="0">
        <subfield code="6">880-01</subfield>
        <subfield code="a">thob yig nor bu'i phreng ba</subfield>
        <subfield code="h">[electronic resource].</subfield>
    </datafield>
    <datafield tag="246" ind1="1" ind2="3">
        <subfield code="a">gsan yig/_ngag dbang kun dga' theg chen dpal 'bar</subfield>
    </datafield>
    <datafield tag="880" ind1="0" ind2="0">
        <subfield code="6">245-01</subfield>
        <subfield code="a">ཐོབ་ཡིག་ནོར་བུའི་ཕྲེང་བ</subfield>
    </datafield>
    <datafield tag="260" ind1=" " ind2=" ">
        <subfield code="a">Sde dge :</subfield>
        <subfield code="b">Sde dge par khang chen mo,</subfield>
        <subfield code="c">[2005 ?]</subfield>
    </datafield>
    <datafield tag="300" ind1=" " ind2=" ">
        <subfield code="a">2 v.</subfield>
    </datafield>
    <datafield tag="500" ind1=" " ind2=" ">
        <subfield code="a">Printed from blocks carved at sde dge par khang chen mo; copy made available from the library of tai si tu rin po che at shes rab gling, kangra, himachal pradesh, india.</subfield>
    </datafield>
    <datafield tag="506" ind1=" " ind2=" ">
        <subfield code="a">No restrictions on access.</subfield>
    </datafield>
    <datafield tag="524" ind1="1 " ind2=" ">
        <subfield code="d">Tibetan Buddhist Resource Center</subfield>
        <subfield code="f">CC-BY</subfield>
    </datafield>
    <datafield tag="520" ind1=" " ind2=" ">
        <subfield code="a">Record of teachings received by Sakya Trichen 42 (1945- ). Printed from woodblocks carved at the Degge Printery. Acquired from the library of Tai Situ Rinpoche at Sherab Ling Monastery in Himachal Pradesh, India. The first volume is missing.</subfield>
    </datafield>
    <datafield tag="533" ind1=" " ind2=" ">
        <subfield code="a">Electronic reproduction.</subfield>
        <subfield code="b">Cambridge, Mass. :</subfield>
        <subfield code="c">Tibetan Buddhist Resource Center.</subfield>
    </datafield>
    <datafield tag="546" ind1=" " ind2=" ">
        <subfield code="a">In Tibetan</subfield>
    </datafield>
    <datafield tag="653" ind1=" " ind2=" ">
        <subfield code="a">thob yig/</subfield>
    </datafield>
    <datafield tag="653" ind1=" " ind2=" ">
        <subfield code="a">sa skya pa/</subfield>
    </datafield>
    <datafield tag="720" ind1="1" ind2=" ">
        <subfield code="a">ngag dbang kun dga' theg chen dpal 'bar/  sa skya khri chen 42 ngag dbang kun dga' theg chen dpal 'bar, 1945.</subfield>
        <subfield code="e">author</subfield>
    </datafield>
    <datafield tag="773" ind1="0" ind2=" ">
        <subfield code="t">TBRC Core Text Collection.</subfield>
        <subfield code="g">5</subfield>
    </datafield>
    <datafield tag="856" ind1="4" ind2="0">
        <subfield code="u">http://www.tbrc.org/link?RID=W00CHZ0103335</subfield>
        <subfield code="z">Available from TBRC</subfield>
    </datafield>
</record>