
<record xmlns="http://www.loc.gov/MARC21/slim">
    <leader>     nam a22     5i 4500</leader>
    <controlfield tag="001">W00CHZ0103340</controlfield>
    <controlfield tag="008">^^^^^^suuuu^^^^cc^^^^^^^^^^^|||||||tib^d</controlfield>
    <datafield tag="040" ind1=" " ind2=" ">
        <subfield code="a">MaCbTBRC</subfield>
        <subfield code="c">MaCbTBRC</subfield>
    </datafield>
    <datafield tag="245" ind1="0" ind2="0">
        <subfield code="6">880-01</subfield>
        <subfield code="a">bla ma 'jam dpal dbyangs kyi ye shes skus dngos su rjes su bzung ba mkhan chen thams cad mkhyen pa bsod nams lhun grub legs pa'i 'byung gnas kyi gsung 'bum </subfield>
        <subfield code="h">[electronic resource].</subfield>
    </datafield>
    <datafield tag="246" ind1="1" ind2="3">
        <subfield code="a">gsung thor bu/_bsod nams lhun grub</subfield>
    </datafield>
    <datafield tag="880" ind1="0" ind2="0">
        <subfield code="6">245-01</subfield>
        <subfield code="a">བླ་མ་འཇམ་དཔལ་དབྱངས་ཀྱི་ཡེ་ཤེས་སྐུས་དངོས་སུ་རྗེས་སུ་བཟུང་བ་མཁན་ཆེན་ཐམས་ཅད་མཁྱེན་པ་བསོད་ནམས་ལྷུན་གྲུབ་ལེགས་པའི་འབྱུང་གནས་ཀྱི་གསུང་འབུམ་</subfield>
    </datafield>
    <datafield tag="260" ind1=" " ind2=" ">
        <subfield code="a">Sde dge :</subfield>
        <subfield code="b">Sde dge par khang chen mo,</subfield>
        <subfield code="c">(19-?)</subfield>
    </datafield>
    <datafield tag="300" ind1=" " ind2=" ">
        <subfield code="a">4 v.</subfield>
    </datafield>
    <datafield tag="500" ind1=" " ind2=" ">
        <subfield code="a">Printed from blocks carved at sde dge par khang chen mo; copy made available from the library of tai si tu rin po che at shes rab gling, kangra, himachal pradesh, india.</subfield>
    </datafield>
    <datafield tag="505" ind1="0" ind2=" ">
        <subfield code="a">pod 1  pod 2 pod 3 pod 4 </subfield>
    </datafield>
    <datafield tag="506" ind1=" " ind2=" ">
        <subfield code="a">No restrictions on access.</subfield>
    </datafield>
    <datafield tag="524" ind1="1 " ind2=" ">
        <subfield code="d">Tibetan Buddhist Resource Center</subfield>
        <subfield code="f">CC-BY</subfield>
    </datafield>
    <datafield tag="520" ind1=" " ind2=" ">
        <subfield code="a">Miscellaneous Writings by Sakya scholar Lowo Kenchen Sonam Lhundrub (1456-1532). Reproduced from the Degge Printery blockprints. Made available by Tai Situ Rinpoche at Sherab Ling Monastery in Himachal Pradesh, India.</subfield>
    </datafield>
    <datafield tag="533" ind1=" " ind2=" ">
        <subfield code="a">Electronic reproduction.</subfield>
        <subfield code="b">Cambridge, Mass. :</subfield>
        <subfield code="c">Tibetan Buddhist Resource Center.</subfield>
    </datafield>
    <datafield tag="546" ind1=" " ind2=" ">
        <subfield code="a">In Tibetan</subfield>
    </datafield>
    <datafield tag="653" ind1=" " ind2=" ">
        <subfield code="a">gsung thor bu/</subfield>
    </datafield>
    <datafield tag="653" ind1=" " ind2=" ">
        <subfield code="a">sa skya pa/</subfield>
    </datafield>
    <datafield tag="720" ind1="1" ind2=" ">
        <subfield code="a">bsod nams lhun grub//  glo bo mkhan chen bsod nams lhun grub/, 1456? 1441?-1532? 1525?</subfield>
        <subfield code="e">author</subfield>
    </datafield>
    <datafield tag="773" ind1="0" ind2=" ">
        <subfield code="t">TBRC Core Text Collection.</subfield>
        <subfield code="g">7</subfield>
    </datafield>
    <datafield tag="856" ind1="4" ind2="0">
        <subfield code="u">http://www.tbrc.org/link?RID=W00CHZ0103340</subfield>
        <subfield code="z">Available from TBRC</subfield>
    </datafield>
</record>