
<record xmlns="http://www.loc.gov/MARC21/slim">
    <leader>     nam a22     5i 4500</leader>
    <controlfield tag="001">W00CHZ0103341</controlfield>
    <controlfield tag="008">^^^^^^suuuu^^^^cc^^^^^^^^^^^|||||||tib^d</controlfield>
    <datafield tag="040" ind1=" " ind2=" ">
        <subfield code="a">MaCbTBRC</subfield>
        <subfield code="c">MaCbTBRC</subfield>
    </datafield>
    <datafield tag="245" ind1="0" ind2="0">
        <subfield code="6">880-01</subfield>
        <subfield code="a">rgyal rabs rnams kyi byung tshul gsal ba'i me long chos 'byung</subfield>
        <subfield code="h">[electronic resource].</subfield>
    </datafield>
    <datafield tag="246" ind1="1" ind2="3">
        <subfield code="a">rgyal rabs gsal ba'i me long</subfield>
    </datafield>
    <datafield tag="880" ind1="0" ind2="0">
        <subfield code="6">245-01</subfield>
        <subfield code="a">རྒྱལ་རབས་རྣམས་ཀྱི་བྱུང་ཚུལ་གསལ་བའི་མེ་ལོང་ཆོས་འབྱུང</subfield>
    </datafield>
    <datafield tag="260" ind1=" " ind2=" ">
        <subfield code="a">Sde dge :</subfield>
        <subfield code="b">Sde dge dgon chen,</subfield>
        <subfield code="c"/>
    </datafield>
    <datafield tag="300" ind1=" " ind2=" ">
        <subfield code="a">104 folia</subfield>
    </datafield>
    <datafield tag="500" ind1=" " ind2=" ">
        <subfield code="a">Printed from blocks carved at sde dge par khang chen mo; copy made available from the library of tai si tu rin po che at shes rab gling, kangra, himachal pradesh, india.</subfield>
    </datafield>
    <datafield tag="505" ind1="0" ind2=" ">
        <subfield code="a"> rgyal rabs gsal ba'i me long ngam chos 'byung gsal ba'i me long /</subfield>
    </datafield>
    <datafield tag="506" ind1=" " ind2=" ">
        <subfield code="a">No restrictions on access.</subfield>
    </datafield>
    <datafield tag="524" ind1="1 " ind2=" ">
        <subfield code="d">Tibetan Buddhist Resource Center</subfield>
        <subfield code="f">CC-BY</subfield>
    </datafield>
    <datafield tag="520" ind1=" " ind2=" ">
        <subfield code="a">History of royal chronicles by Sakya Trichen 14 Lama Dampa Sonam Gyaltsen (1312-1375). Reproduced from Degge Printery blockprints. Made available by Tai Situ Rinpoche at Sherab Ling Monastery in Himachal Pradesh, India.</subfield>
    </datafield>
    <datafield tag="533" ind1=" " ind2=" ">
        <subfield code="a">Electronic reproduction.</subfield>
        <subfield code="b">Cambridge, Mass. :</subfield>
        <subfield code="c">Tibetan Buddhist Resource Center.</subfield>
    </datafield>
    <datafield tag="546" ind1=" " ind2=" ">
        <subfield code="a">In Tibetan</subfield>
    </datafield>
    <datafield tag="653" ind1=" " ind2=" ">
        <subfield code="a">tibet/</subfield>
    </datafield>
    <datafield tag="653" ind1=" " ind2=" ">
        <subfield code="a">rgyal rabs/</subfield>
    </datafield>
    <datafield tag="720" ind1="1" ind2=" ">
        <subfield code="a">bsod nams rgyal mtshan/  bla ma dam pa bsod nams rgyal mtshan, 1312-1375</subfield>
    </datafield>
    <datafield tag="773" ind1="0" ind2=" ">
        <subfield code="t">TBRC Core Text Collection.</subfield>
        <subfield code="g">5</subfield>
    </datafield>
    <datafield tag="773" ind1="0" ind2=" ">
        <subfield code="t">TBRC Core Text Collection.</subfield>
        <subfield code="g">5</subfield>
    </datafield>
    <datafield tag="856" ind1="4" ind2="0">
        <subfield code="u">http://www.tbrc.org/link?RID=W00CHZ0103341</subfield>
        <subfield code="z">Available from TBRC</subfield>
    </datafield>
</record>