
 <z:results type="marc" xmlns:z="http://www.tbrc.org/models/results#" status="exception" exmsg="exerr:ERROR XPTY0004: The actual cardinality for parameter 1 does not match the cardinality declared in the function's signature: x:c008($pub-info as element()?, $language as element()?) element()*. Expected cardinality: zero or one, got 2. [at line 612, column 23, source: /db/modules/public/work.xqm]
In function:
	x:c008(element()?, element()?) [612:15:/db/modules/public/work.xqm]
	public:marc(xs:string*) [1:123:/db/modules/public/work.xqm]"/>
 <z:results type="marc" xmlns:z="http://www.tbrc.org/models/results#" status="exception" exmsg="exerr:ERROR XPTY0004: The actual cardinality for parameter 1 does not match the cardinality declared in the function's signature: x:c008($pub-info as element()?, $language as element()?) element()*. Expected cardinality: zero or one, got 4. [at line 612, column 23, source: /db/modules/public/work.xqm]
In function:
	x:c008(element()?, element()?) [612:15:/db/modules/public/work.xqm]
	public:marc(xs:string*) [1:123:/db/modules/public/work.xqm]"/>
<record xmlns="http://www.loc.gov/MARC21/slim">
    <leader>     nam a22     5i 4500</leader>
    <controlfield tag="001">W00EGS1016199</controlfield>
    <controlfield tag="008">^^^^^^suuuu^^^^xx^^^^^^^^^^|||||||tib^d</controlfield>
    <datafield tag="040" ind1=" " ind2=" ">
        <subfield code="a">MaCbTBRC</subfield>
        <subfield code="c">MaCbTBRC</subfield>
    </datafield>
    <datafield tag="245" ind1="0" ind2="0">
        <subfield code="6">880-01</subfield>
        <subfield code="a">rje btsun bla ma pra dz+yA in+t+ra'i rnam par thar pa ngo mtshar rmad du byung ba'i dad pa'i 'byung ngogs</subfield>
        <subfield code="h">[electronic resource].</subfield>
    </datafield>
    <datafield tag="880" ind1="0" ind2="0">
        <subfield code="6">245-01</subfield>
        <subfield code="a">རྗེ་བཙུན་བླ་མ་པྲ་ཛྱཱ་ཨིནྟྲའི་རྣམ་པར་ཐར་པ་ངོ་མཚར་རྨད་དུ་བྱུང་བའི་དད་པའི་འབྱུང་ངོགས</subfield>
    </datafield>
    <datafield tag="300" ind1=" " ind2=" ">
        <subfield code="a">72 folia</subfield>
    </datafield>
    <datafield tag="500" ind1=" " ind2=" ">
        <subfield code="a">Scanned from photocopy borrowed from geshe tsulga.</subfield>
    </datafield>
    <datafield tag="506" ind1=" " ind2=" ">
        <subfield code="a">No restrictions on access.</subfield>
    </datafield>
    <datafield tag="524" ind1="1 " ind2=" ">
        <subfield code="d">Tibetan Buddhist Resource Center</subfield>
        <subfield code="f">CC-BY</subfield>
    </datafield>
    <datafield tag="520" ind1=" " ind2=" ">
        <subfield code="a">Biography of Jedrung Sherab Wangpo (1500-1586), abbot of the Geluk monastery, Chamdo Jampa Ling.</subfield>
    </datafield>
    <datafield tag="533" ind1=" " ind2=" ">
        <subfield code="a">Electronic reproduction.</subfield>
        <subfield code="b">Cambridge, Mass. :</subfield>
        <subfield code="c">Tibetan Buddhist Resource Center.</subfield>
    </datafield>
    <datafield tag="546" ind1=" " ind2=" ">
        <subfield code="a">In Tibetan</subfield>
    </datafield>
    <datafield tag="653" ind1=" " ind2=" ">
        <subfield code="a">shes rab dbang po/</subfield>
    </datafield>
    <datafield tag="653" ind1=" " ind2=" ">
        <subfield code="a">rnam thar/</subfield>
    </datafield>
    <datafield tag="653" ind1=" " ind2=" ">
        <subfield code="a">dge lugs pa/</subfield>
    </datafield>
    <datafield tag="773" ind1="0" ind2=" ">
        <subfield code="t">TBRC Core Text Collection.</subfield>
        <subfield code="g">6</subfield>
    </datafield>
    <datafield tag="856" ind1="4" ind2="0">
        <subfield code="u">http://www.tbrc.org/link?RID=W00EGS1016199</subfield>
        <subfield code="z">Available from TBRC</subfield>
    </datafield>
</record>