
 <z:results type="marc" xmlns:z="http://www.tbrc.org/models/results#" status="exception" exmsg="exerr:ERROR XPTY0004: The actual cardinality for parameter 1 does not match the cardinality declared in the function's signature: x:c008($pub-info as element()?, $language as element()?) element()*. Expected cardinality: zero or one, got 3. [at line 612, column 23, source: /db/modules/public/work.xqm]
In function:
	x:c008(element()?, element()?) [612:15:/db/modules/public/work.xqm]
	public:marc(xs:string*) [1:123:/db/modules/public/work.xqm]"/>
<record xmlns="http://www.loc.gov/MARC21/slim">
    <leader>     nam a22     5i 4500</leader>
    <controlfield tag="001">W00EGS1016213</controlfield>
    <controlfield tag="008">^^^^^^suuuu^^^^ii^^^^^^^^^^^|||||||tib^d</controlfield>
    <datafield tag="040" ind1=" " ind2=" ">
        <subfield code="a">MaCbTBRC</subfield>
        <subfield code="c">MaCbTBRC</subfield>
    </datafield>
    <datafield tag="245" ind1="0" ind2="0">
        <subfield code="6">880-01</subfield>
        <subfield code="a">sgom sde nam mkha' rgyal mtshan gyis mdzad pa'i dbu ma'i spyi don zla ba'i dgongs rgyan</subfield>
        <subfield code="h">[electronic resource].</subfield>
    </datafield>
    <datafield tag="246" ind1="1" ind2="3">
        <subfield code="a">sgom sde dbu ma'i spyi don</subfield>
    </datafield>
    <datafield tag="246" ind1="1" ind2="3">
        <subfield code="a">dbu ma'i spyi don zla ba'i dgongs rgyan</subfield>
    </datafield>
    <datafield tag="880" ind1="0" ind2="0">
        <subfield code="6">245-01</subfield>
        <subfield code="a">སྒོམ་སྡེ་ནམ་མཁའ་རྒྱལ་མཚན་གྱིས་མཛད་པའི་དབུ་མའི་སྤྱི་དོན་ཟླ་བའི་དགོངས་རྒྱན</subfield>
    </datafield>
    <datafield tag="260" ind1=" " ind2=" ">
        <subfield code="a">Mundgod :</subfield>
        <subfield code="b">Dga' ldan byang rtse thos bsam nor gling grwa tshang,</subfield>
        <subfield code="c">[2000?]</subfield>
    </datafield>
    <datafield tag="300" ind1=" " ind2=" ">
        <subfield code="a">[2], vi, 274 p.</subfield>
    </datafield>
    <datafield tag="500" ind1=" " ind2=" ">
        <subfield code="a">Computerized input produce text.</subfield>
    </datafield>
    <datafield tag="506" ind1=" " ind2=" ">
        <subfield code="a">No restrictions on access.</subfield>
    </datafield>
    <datafield tag="524" ind1="1 " ind2=" ">
        <subfield code="d">Tibetan Buddhist Resource Center</subfield>
        <subfield code="f">CC-BY</subfield>
    </datafield>
    <datafield tag="520" ind1=" " ind2=" ">
        <subfield code="a">Instructions on Madhyamaka by Gomdewa Namkha Gyaltsen (1532-1592), an abbot of Gyuto Tantric Monastery.</subfield>
    </datafield>
    <datafield tag="533" ind1=" " ind2=" ">
        <subfield code="a">Electronic reproduction.</subfield>
        <subfield code="b">Cambridge, Mass. :</subfield>
        <subfield code="c">Tibetan Buddhist Resource Center.</subfield>
    </datafield>
    <datafield tag="546" ind1=" " ind2=" ">
        <subfield code="a">In Tibetan</subfield>
    </datafield>
    <datafield tag="653" ind1=" " ind2=" ">
        <subfield code="a">dbu ma madhyamika/</subfield>
    </datafield>
    <datafield tag="653" ind1=" " ind2=" ">
        <subfield code="a">spyi don exegesis of the general meaning/</subfield>
    </datafield>
    <datafield tag="720" ind1="1" ind2=" ">
        <subfield code="a">nam mkha' rgyal mtshan/  sgom sde ba nam mkha' rgyal mtshan, 1532-1592</subfield>
        <subfield code="e">author</subfield>
    </datafield>
    <datafield tag="773" ind1="0" ind2=" ">
        <subfield code="t">TBRC Core Text Collection.</subfield>
        <subfield code="g">11</subfield>
    </datafield>
    <datafield tag="856" ind1="4" ind2="0">
        <subfield code="u">http://www.tbrc.org/link?RID=W00EGS1016213</subfield>
        <subfield code="z">Available from TBRC</subfield>
    </datafield>
</record>