
<record xmlns="http://www.loc.gov/MARC21/slim">
    <leader>     nam a22     5i 4500</leader>
    <controlfield tag="001">W00EGS1016236</controlfield>
    <controlfield tag="008">^^^^^^suuuu^^^^cc^^^^^^^^^^^|||||||tib^d</controlfield>
    <datafield tag="040" ind1=" " ind2=" ">
        <subfield code="a">MaCbTBRC</subfield>
        <subfield code="c">MaCbTBRC</subfield>
    </datafield>
    <datafield tag="245" ind1="0" ind2="0">
        <subfield code="6">880-01</subfield>
        <subfield code="a">dpal  ldan shar pa mkhan chen rdo rje 'chang rin chen mi 'gyur rgyal mtshan gyi gsung 'bum rdo rje'i tshig rkang gi dkar chag nor bu'i bum bzang don gnyis dpal ster
</subfield>
        <subfield code="h">[electronic resource].</subfield>
    </datafield>
    <datafield tag="246" ind1="1" ind2="3">
        <subfield code="a">klu sdings</subfield>
    </datafield>
    <datafield tag="880" ind1="0" ind2="0">
        <subfield code="6">245-01</subfield>
        <subfield code="a">དཔལ་་ལྡན་ཤར་པ་མཁན་ཆེན་རྡོ་རྗེ་འཆང་རིན་ཆེན་མི་འགྱུར་རྒྱལ་མཚན་གྱི་གསུང་འབུམ་རྡོ་རྗེའི་ཚིག་རྐང་གི་དཀར་ཆག་ནོར་བུའི་བུམ་བཟང་དོན་གཉིས་དཔལ་སྟེར
</subfield>
    </datafield>
    <datafield tag="260" ind1=" " ind2=" ">
        <subfield code="a">Sde dge par khang chen mo :</subfield>
        <subfield code="b">Sde dge,</subfield>
        <subfield code="c">[1999?]</subfield>
    </datafield>
    <datafield tag="300" ind1=" " ind2=" ">
        <subfield code="a">206 folia</subfield>
    </datafield>
    <datafield tag="505" ind1="0" ind2=" ">
        <subfield code="a">shar chen rin chen mi 'gyur rgyal mtshan gyi gsung 'bum dkar chag nor bu'i bum bzang don gnyis dpal ster/ dkon mchog gsum la bstod pa/ 'jam mgon tshul khrims lhun grub la gsol ba 'debs pa byin rlabs drod 'bar/ rgya bod mkhas grub rnams la bstod pa/ tshe lha'i gsol 'debs/ rje btsun rdo rje dbyangs can ma bstod pa blo gsal blo gros kha 'byed/ chos srung gsol 'debs tshig gi dung chen/ bla ma rnam gnyis la bstod pa/ dge slong bstan 'dzin gyi dris lan zin bris/ chos rje ngag dbang shes rab kyi dris lan/ chos gtam yan lag brgyad ldan chu/  chos pa kun la phan pa'i gtam/ rang skyon mun pa sel ba'i tshig gi sgron me/ rang skyon khung bu 'dru ba'i tshig gi tog rtse/ kun phan pad+ma 'dzum byed/ grwa rgyun rnams la phan pa'i gtam/ chos pa spyi dang btsun chung rnams la phan pa'i gtam/ dge stobs 'phel thabs/ bkra shis dpal bzang dris len/  khro phu bla mar gdams pa/ lho 'brug pa'i sde srid la zhu yig snying gi gros 'debs/ 'phan la 'dri rgyu'i zin bris/ chos khrims la gdams pa/ 'phan la 'bru rgyu'i yi ge/ rgyun gyi nyams len rang gis rang la gros btab rnam mkhyen bgrod pa'i them skas/ bsgom don gong ma'i gsung bshad/ sangs rgyas kun bzang gi dris lan/ mkhas grub tshul khrims rin chen la bstod pa/  zhu chen sku bstod ka sogs can/ zhu chen zhabs brtan/ tshe lha'i gsol bdebs/ thub bstod/ chos rje ye shes chos dbang dris lan/ bsam bzang bsod nmas rgyas byed/  chang rag nyes dmigs sku tshe ring don ma/ grub mtha' dge ba'i rgyu can/ phan 'dod tshig gi sgron me don skyon mun sel/ bra'u bla dgon la gdams pa/ yul gyi ming la 'pho rgyu med na ma/ zin bris sna tshogs/ phyag rdor bstod pa phrin bcol sogs/ dmag zor bsang bsdus/ spyan gzigs 'dod gsol/ drung chos rje'i dbu thod yid bzhin nor bu'i dkar chag shes ldan bzang ngan rnam dbye ya rabs 'phel thabs/ mi gzhi bzang ngan 'byed pa/ dkon mchog rjes dran yig mkhan bdud rtsi/ dpal ldan sa skya'i bstod pa/ dam tshig srung sdom skyon yon/ gtan gyi bde skyid kyi lo legs thabs/ dug blo spong byed ma/ kun tu dge thabs/ dga' skyid sa bon 'phel thabs/ stong nyid brgal len dang 'dod don 'grub pa'i gegs sel/ 'dod don 'grub pa'i gegs sel/ chos mthun dge legs bya ba 'phel byed/ khro zil khrom la bstod pa/ gzhi bdag la bsangs nyung ngu/ kha char bcad 'bab gyi spang blang bstan pa dar byed/ dam tshig gtsang thabs bshad pa dngos grub char 'bebs/ dam tshig gtsang thabs dngos grub 'byung ba'i lam ston/ mkhas pa'i gsung la the tshom skyes pa'i gtam/ tshul khrims dpal bzang bstod pa/ bla ma lha rjer gdams pa/ lha khang bzhengs pa'i phan yon/ mna' mthu dkar thab dmar gzhob nyes dmigs/ nyal ldang gi gdams pa/ a ti sha la gsol ba 'debs pa/ mkhan po sangs rgyas ye shes zhal gzigs/ sangs rgyas rin chen bsangs yig zhu lan/ sde dge'i dri med bshags rgyud par byang / skyabs 'gro'i don 'grol/ bar chad zhi thabs/ dpal ldan sa skya pa la gsol ba 'debs pa skal ldan dad pa 'phel byed/ dpal ldan chos skyong la bstod pa/ mkhas grub tshul khrims rin chen la bstod pa/ tshul khrims kyi yon tan/ shes rab rin chen la lha rgyan phul 'bras/ shes rab rin chen la gdams pa/ dgra ri dwags kyi nyes dmigs lha bsnyen bkur phan yon sogs/ zhal gzigs ngo mtshar can/ klu sdings lha bya dgon gsar smon lam/ sa ris pa dga' byed/ gnas mjal phan yon/ dge bcu spyod byed/ ma Ni che 'don ma/ chos smon nyi ma rku jag mun sel/ rang la gdams pa blo thugs bde byed/ byams pa bsod nams bzang po'i zhabs brtan/ don gyi smon lam/ rten 'brel ldan pa'i bkra shis/ bkra shis rgyun 'phael/ shar pa mkhan rin po che mi 'gyur rgyal mtshan gyi rnam thar smra ba'i seng ge sa skya pa kun dga' blo gros kyi gsung rdo rje sgra ma'i mchod pa/ dpal shar pa mkhan rin po che rdo rje 'chang rin chen mi 'gyur rgyal mtshan gyi rnam par thar pa/ smra ba'i seng ge'i gsung rdo rje sgra ma'i mchod pa rgyas par spros pa zhing khams rgya mtsho'i mchod sprin/ brda dag snang brnyan gsal byed me long /</subfield>
    </datafield>
    <datafield tag="506" ind1=" " ind2=" ">
        <subfield code="a">No restrictions on access.</subfield>
    </datafield>
    <datafield tag="524" ind1="1 " ind2=" ">
        <subfield code="d">Tibetan Buddhist Resource Center</subfield>
        <subfield code="f">CC-BY</subfield>
    </datafield>
    <datafield tag="520" ind1=" " ind2=" ">
        <subfield code="a">Collected Works by Ngor Khenchen 37 Mingyur Gyaltsen (b. 1717) of Luding Labrang at Ngor Evam Chode Monastery. This volume was printed from blockprints at the Degge Printery.</subfield>
    </datafield>
    <datafield tag="533" ind1=" " ind2=" ">
        <subfield code="a">Electronic reproduction.</subfield>
        <subfield code="b">Cambridge, Mass. :</subfield>
        <subfield code="c">Tibetan Buddhist Resource Center.</subfield>
    </datafield>
    <datafield tag="546" ind1=" " ind2=" ">
        <subfield code="a">In Tibetan</subfield>
    </datafield>
    <datafield tag="653" ind1=" " ind2=" ">
        <subfield code="a">gsung 'bum collected works/</subfield>
    </datafield>
    <datafield tag="653" ind1=" " ind2=" ">
        <subfield code="a">sa skya pa/</subfield>
    </datafield>
    <datafield tag="720" ind1="1" ind2=" ">
        <subfield code="a">mi 'gyur rgyal mtshan/  ngor mkhan chen 37 mi 'gyur rgyal mtshan, 1717.</subfield>
    </datafield>
    <datafield tag="773" ind1="0" ind2=" ">
        <subfield code="t">TBRC Core Text Collection.</subfield>
        <subfield code="g">6</subfield>
    </datafield>
    <datafield tag="856" ind1="4" ind2="0">
        <subfield code="u">http://www.tbrc.org/link?RID=W00EGS1016236</subfield>
        <subfield code="z">Available from TBRC</subfield>
    </datafield>
</record>