
<record xmlns="http://www.loc.gov/MARC21/slim">
    <leader>     nam a22     5i 4500</leader>
    <controlfield tag="001">W00EGS1016242</controlfield>
    <controlfield tag="008">^^^^^^suuuu^^^^ii^^^^^^^^^^^|||||||tib^d</controlfield>
    <datafield tag="040" ind1=" " ind2=" ">
        <subfield code="a">MaCbTBRC</subfield>
        <subfield code="c">MaCbTBRC</subfield>
    </datafield>
    <datafield tag="050" ind1=" " ind2="4">
        <subfield code="a">BQ7695</subfield>
        <subfield code="b">.D36 </subfield>
    </datafield>
    <datafield tag="245" ind1="0" ind2="0">
        <subfield code="6">880-01</subfield>
        <subfield code="a">dbus 'gyur chos sde chen po dpal ldan 'bras spungs tshogs chen dang dpal ldan bkra shis sgo mang grwa tshang bcas kyi tshogs 'don chos spyod kyi rim pa bskal bzang mgrin rgyan</subfield>
        <subfield code="h">[electronic resource].</subfield>
    </datafield>
    <datafield tag="246" ind1="1" ind2="3">
        <subfield code="a">Dbus ʾgyur chos sde chen po Dpal ldan ʾBras-spuṅs Tshogs-chen daṅ Dpal ldan Bkra-śis Sgo-maṅ Grwa-tshaṅ bcas kyi tshogs ʾdon chos spyod kyi rim pa bskal bzaṅ mgrin rgyan źes bya ba bźugs so.</subfield>
    </datafield>
    <datafield tag="880" ind1="0" ind2="0">
        <subfield code="6">245-01</subfield>
        <subfield code="a">དབུས་འགྱུར་ཆོས་སྡེ་ཆེན་པོ་དཔལ་ལྡན་འབྲས་སྤུངས་ཚོགས་ཆེན་དང་དཔལ་ལྡན་བཀྲ་ཤིས་སྒོ་མང་གྲྭ་ཚང་བཅས་ཀྱི་ཚོགས་འདོན་ཆོས་སྤྱོད་ཀྱི་རིམ་པ་བསྐལ་བཟང་མགྲིན་རྒྱན</subfield>
    </datafield>
    <datafield tag="260" ind1=" " ind2=" ">
        <subfield code="a">Ldi li :</subfield>
        <subfield code="b">Chos 'phel legs ldan,</subfield>
        <subfield code="c">[1974]</subfield>
    </datafield>
    <datafield tag="300" ind1=" " ind2=" ">
        <subfield code="a">231 p.</subfield>
    </datafield>
    <datafield tag="506" ind1=" " ind2=" ">
        <subfield code="a">No restrictions on access.</subfield>
    </datafield>
    <datafield tag="524" ind1="1 " ind2=" ">
        <subfield code="d">Tibetan Buddhist Resource Center</subfield>
        <subfield code="f">CC-BY</subfield>
    </datafield>
    <datafield tag="520" ind1=" " ind2=" ">
        <subfield code="a">Collection of liturgical writings from Drepung Gomang Monastic College.</subfield>
    </datafield>
    <datafield tag="533" ind1=" " ind2=" ">
        <subfield code="a">Electronic reproduction.</subfield>
        <subfield code="b">Cambridge, Mass. :</subfield>
        <subfield code="c">Tibetan Buddhist Resource Center.</subfield>
    </datafield>
    <datafield tag="546" ind1=" " ind2=" ">
        <subfield code="a">In Tibetan</subfield>
    </datafield>
    <datafield tag="653" ind1=" " ind2=" ">
        <subfield code="a">chos spyod/</subfield>
    </datafield>
    <datafield tag="653" ind1=" " ind2=" ">
        <subfield code="a">sgo mang grwa tshang ('bras spungs) 'bras spungs sgo mang grwa tshang/</subfield>
    </datafield>
    <datafield tag="653" ind1=" " ind2=" ">
        <subfield code="a">dge lugs pa dga' ldan pa/</subfield>
    </datafield>
    <datafield tag="773" ind1="0" ind2=" ">
        <subfield code="t">TBRC Core Text Collection.</subfield>
        <subfield code="g">6</subfield>
    </datafield>
    <datafield tag="776" ind1="0" ind2=" ">
        <subfield code="c">Original</subfield>
        <subfield code="w">(DLC)   75900479</subfield>
    </datafield>
    <datafield tag="856" ind1="4" ind2="0">
        <subfield code="u">http://www.tbrc.org/link?RID=W00EGS1016242</subfield>
        <subfield code="z">Available from TBRC</subfield>
    </datafield>
</record>