
<record xmlns="http://www.loc.gov/MARC21/slim">
    <leader>     nam a22     5i 4500</leader>
    <controlfield tag="001">W00EGS1016244</controlfield>
    <controlfield tag="008">^^^^^^suuuu^^^^ii^^^^^^^^^^^|||||||tib^d</controlfield>
    <datafield tag="040" ind1=" " ind2=" ">
        <subfield code="a">MaCbTBRC</subfield>
        <subfield code="c">MaCbTBRC</subfield>
    </datafield>
    <datafield tag="050" ind1=" " ind2="4">
        <subfield code="a">BQ7695</subfield>
        <subfield code="b">.G74 1975</subfield>
    </datafield>
    <datafield tag="245" ind1="0" ind2="0">
        <subfield code="6">880-01</subfield>
        <subfield code="a">gsang chen rig 'dzin gyi sde chen po dpal ldan stod rgyud grwa tshang gi gsung rgyun chos spyod nyer mkho 'ga' zhig phyogs gcig tu bkod pa yid 'phrog nor bu'i do shal</subfield>
        <subfield code="h">[electronic resource] :</subfield>
        <subfield code="b">the collected ritual texts used in the rgyud-stod grwa-tshan</subfield>
    </datafield>
    <datafield tag="246" ind1="1" ind2="3">
        <subfield code="a">the collected ritual texts used in the rgyud-stod grwa-tshan</subfield>
    </datafield>
    <datafield tag="246" ind1="1" ind2="3">
        <subfield code="a">Gsaṅ chen rig ʾdzin gyi sde chen po Dpal ldan Stod rgyud Grwa tshaṅ gi gsuṅ rgyun Chos spyod ñer mkho ʾgaʾ źig phyogs gcig tu bkod pa yid ʾphrog nor buʾi do śal :the collected ritual texts used in the Rgyud-stod Grwa-tshaṅ.</subfield>
    </datafield>
    <datafield tag="880" ind1="0" ind2="0">
        <subfield code="6">245-01</subfield>
        <subfield code="a">གསང་ཆེན་རིག་འཛིན་གྱི་སྡེ་ཆེན་པོ་དཔལ་ལྡན་སྟོད་རྒྱུད་གྲྭ་ཚང་གི་གསུང་རྒྱུན་ཆོས་སྤྱོད་ཉེར་མཁོ་འགའ་ཞིག་ཕྱོགས་གཅིག་ཏུ་བཀོད་པ་ཡིད་འཕྲོག་ནོར་བུའི་དོ་ཤལ</subfield>
    </datafield>
    <datafield tag="260" ind1=" " ind2=" ">
        <subfield code="a">Tenzin gang :</subfield>
        <subfield code="b">Rgyud-stod tantric college,</subfield>
        <subfield code="c">1975-1977</subfield>
    </datafield>
    <datafield tag="300" ind1=" " ind2=" ">
        <subfield code="a">5 v.</subfield>
    </datafield>
    <datafield tag="505" ind1="0" ind2=" ">
        <subfield code="a">pod ka pa/（1） pod kha pa/（2） pod ga pa/（3） pod nga pa/（4） pod ca pa/（5）</subfield>
    </datafield>
    <datafield tag="506" ind1=" " ind2=" ">
        <subfield code="a">No restrictions on access.</subfield>
    </datafield>
    <datafield tag="524" ind1="1 " ind2=" ">
        <subfield code="d">Tibetan Buddhist Resource Center</subfield>
        <subfield code="f">CC-BY</subfield>
    </datafield>
    <datafield tag="520" ind1=" " ind2=" ">
        <subfield code="a">Collection of religious instructions from Gyuto Monastic College.</subfield>
    </datafield>
    <datafield tag="533" ind1=" " ind2=" ">
        <subfield code="a">Electronic reproduction.</subfield>
        <subfield code="b">Cambridge, Mass. :</subfield>
        <subfield code="c">Tibetan Buddhist Resource Center.</subfield>
    </datafield>
    <datafield tag="546" ind1=" " ind2=" ">
        <subfield code="a">In Tibetan</subfield>
    </datafield>
    <datafield tag="653" ind1=" " ind2=" ">
        <subfield code="a">chos spyod/</subfield>
    </datafield>
    <datafield tag="653" ind1=" " ind2=" ">
        <subfield code="a">rgyud stod/</subfield>
    </datafield>
    <datafield tag="653" ind1=" " ind2=" ">
        <subfield code="a">dge lugs pa dga' ldan pa/</subfield>
    </datafield>
    <datafield tag="773" ind1="0" ind2=" ">
        <subfield code="t">TBRC Core Text Collection.</subfield>
        <subfield code="g">6</subfield>
    </datafield>
    <datafield tag="776" ind1="0" ind2=" ">
        <subfield code="c">Original</subfield>
        <subfield code="w">(DLC)   75904358</subfield>
    </datafield>
    <datafield tag="856" ind1="4" ind2="0">
        <subfield code="u">http://www.tbrc.org/link?RID=W00EGS1016244</subfield>
        <subfield code="z">Available from TBRC</subfield>
    </datafield>
</record>