
<record xmlns="http://www.loc.gov/MARC21/slim">
    <leader>     nam a22     5i 4500</leader>
    <controlfield tag="001">W00EGS1016246</controlfield>
    <controlfield tag="008">^^^^^^s1975^^^^ii^^^^^^^^^^^|||||||tib^d</controlfield>
    <datafield tag="040" ind1=" " ind2=" ">
        <subfield code="a">MaCbTBRC</subfield>
        <subfield code="c">MaCbTBRC</subfield>
    </datafield>
    <datafield tag="050" ind1=" " ind2="4">
        <subfield code="a">BQ7695</subfield>
        <subfield code="b">.B545 1975</subfield>
    </datafield>
    <datafield tag="245" ind1="0" ind2="0">
        <subfield code="6">880-01</subfield>
        <subfield code="a">bkra shis lhun po'i rgyud pa grwa tshang gi rig sngags 'chang ba rnams kyi 'don cha'i rim pa</subfield>
        <subfield code="h">[electronic resource] :</subfield>
        <subfield code="b">the collected ritual texts used in the rgyud-pa grwa-tshan (tantric college) of bkra-sis-lhun-po monastery</subfield>
    </datafield>
    <datafield tag="246" ind1="1" ind2="3">
        <subfield code="a">bkras lhun rgyud pa grwa tshang gi chos spyod</subfield>
    </datafield>
    <datafield tag="246" ind1="1" ind2="3">
        <subfield code="a">the collected ritual texts used in the rgyud-pa grwa-tshan (tantric college) of bkra-sis-lhun-po monastery</subfield>
    </datafield>
    <datafield tag="246" ind1="1" ind2="3">
        <subfield code="a">Bkra śis lhun po'i Rgyud pa Grwa tshaṅ gi rig sṅags 'chaṅ ba rnams kyi 'don cha'i rim pa bźugs so.</subfield>
    </datafield>
    <datafield tag="246" ind1="1" ind2="3">
        <subfield code="a">Bkra śis lhun po'i Rgyud pa Grwa tshaṅ gi rig sṅags 'chaṅ ba rnams kyi 'don cha'i rim pa bźugs so.</subfield>
    </datafield>
    <datafield tag="246" ind1="1" ind2="3">
        <subfield code="a">Bkra śis lhun poʾi Rgyud pa Grwa tshaṅ gi rig sṅags ʾchaṅ ba rnams kyi ʾdon chaʾi rim pa :the collected ritual texts used in the Rgyud-pa Grwa-tshaṅ (Tantric College) of Bkraśis-lhun-po Monastery.</subfield>
    </datafield>
    <datafield tag="880" ind1="0" ind2="0">
        <subfield code="6">245-01</subfield>
        <subfield code="a">བཀྲ་ཤིས་ལྷུན་པོའི་རྒྱུད་པ་གྲྭ་ཚང་གི་རིག་སྔགས་འཆང་བ་རྣམས་ཀྱི་འདོན་ཆའི་རིམ་པ</subfield>
    </datafield>
    <datafield tag="260" ind1=" " ind2=" ">
        <subfield code="a">Delhi :</subfield>
        <subfield code="b">T. gyalpo,</subfield>
        <subfield code="c">1975</subfield>
    </datafield>
    <datafield tag="300" ind1=" " ind2=" ">
        <subfield code="a">3 v.</subfield>
    </datafield>
    <datafield tag="505" ind1="0" ind2=" ">
        <subfield code="a">pod dang po/（1） pod gnyis pa/（2） pod gsum pa/（3）</subfield>
    </datafield>
    <datafield tag="506" ind1=" " ind2=" ">
        <subfield code="a">No restrictions on access.</subfield>
    </datafield>
    <datafield tag="524" ind1="1 " ind2=" ">
        <subfield code="d">Tibetan Buddhist Resource Center</subfield>
        <subfield code="f">CC-BY</subfield>
    </datafield>
    <datafield tag="520" ind1=" " ind2=" ">
        <subfield code="a">Collection of ritual texts from Tashi Lunpo Monastic College.</subfield>
    </datafield>
    <datafield tag="533" ind1=" " ind2=" ">
        <subfield code="a">Electronic reproduction.</subfield>
        <subfield code="b">Cambridge, Mass. :</subfield>
        <subfield code="c">Tibetan Buddhist Resource Center.</subfield>
    </datafield>
    <datafield tag="546" ind1=" " ind2=" ">
        <subfield code="a">In Tibetan</subfield>
    </datafield>
    <datafield tag="653" ind1=" " ind2=" ">
        <subfield code="a">chos spyod/</subfield>
    </datafield>
    <datafield tag="653" ind1=" " ind2=" ">
        <subfield code="a">dge lugs pa dga' ldan pa/</subfield>
    </datafield>
    <datafield tag="653" ind1=" " ind2=" ">
        <subfield code="a">bkra shis lhun po rgyud pa grwa tshang/</subfield>
    </datafield>
    <datafield tag="773" ind1="0" ind2=" ">
        <subfield code="t">TBRC Core Text Collection.</subfield>
        <subfield code="g">7</subfield>
    </datafield>
    <datafield tag="776" ind1="0" ind2=" ">
        <subfield code="c">Original</subfield>
        <subfield code="w">(DLC)   75903773</subfield>
    </datafield>
    <datafield tag="856" ind1="4" ind2="0">
        <subfield code="u">http://www.tbrc.org/link?RID=W00EGS1016246</subfield>
        <subfield code="z">Available from TBRC</subfield>
    </datafield>
</record>