
<record xmlns="http://www.loc.gov/MARC21/slim">
    <leader>     nam a22     5i 4500</leader>
    <controlfield tag="001">W00EGS1016251</controlfield>
    <controlfield tag="008">^^^^^^suuuu^^^^ii^^^^^^^^^^^|||||||tib^d</controlfield>
    <datafield tag="040" ind1=" " ind2=" ">
        <subfield code="a">MaCbTBRC</subfield>
        <subfield code="c">MaCbTBRC</subfield>
    </datafield>
    <datafield tag="050" ind1=" " ind2="4">
        <subfield code="a">BQ7890</subfield>
        <subfield code="b">.G73 1972</subfield>
    </datafield>
    <datafield tag="245" ind1="0" ind2="0">
        <subfield code="6">880-01</subfield>
        <subfield code="a">'dul ba'i bslab bya chen mo 'dul 'dzin grags pa rgyal mtshan gyis mdzad pa</subfield>
        <subfield code="h">[electronic resource].</subfield>
    </datafield>
    <datafield tag="246" ind1="1" ind2="3">
        <subfield code="a">'dul ba'i bslab bya chen mo</subfield>
    </datafield>
    <datafield tag="246" ind1="1" ind2="3">
        <subfield code="a">ʾDul baʾi bslab bya chen mo /ʾDul-ʾdzin Grags-pa-rgyal-mtshan gyis mdzad pa bźugs so.</subfield>
    </datafield>
    <datafield tag="880" ind1="0" ind2="0">
        <subfield code="6">245-01</subfield>
        <subfield code="a">འདུལ་བའི་བསླབ་བྱ་ཆེན་མོ་འདུལ་འཛིན་གྲགས་པ་རྒྱལ་མཚན་གྱིས་མཛད་པ</subfield>
    </datafield>
    <datafield tag="260" ind1=" " ind2=" ">
        <subfield code="a">Dehradun :</subfield>
        <subfield code="b">'bras grong snga 'gyur rig gzhung slob gnyer khang gi yan lag gsung rab rgyun spel par khang,</subfield>
        <subfield code="c">[1972?]</subfield>
    </datafield>
    <datafield tag="300" ind1=" " ind2=" ">
        <subfield code="a">folia 248 [i.e. 496 p.]</subfield>
    </datafield>
    <datafield tag="505" ind1="0" ind2=" ">
        <subfield code="a">rab byung gi gzhi'i skabs kyi bslab bya mdor bsdus sdom pa thob pa mi nyams par srung ba gso sbyong gi gzhi'i skabs kyi bslab bya mdor bsdus dbyar gyi gzhi'i skabs kyi bslab bya mdor bsdus dgag dbye'i gzhi'i skabs kyi bslab bya mdor bsdus gos gzhi'i skabs kyi bslab bya mdor bsdus ko lpags kyi gzhi'i bslab bya mdor bsdus sman gi gzhi'i skabs kyi bslab bya mdor bsdus las byed pa'i gzhi'i skabs kyi bslab bya mdor bsdus gnas mal gyi gzhi'i skabs kyi bslab bya mdor msdus par byang smon tshig</subfield>
    </datafield>
    <datafield tag="506" ind1=" " ind2=" ">
        <subfield code="a">No restrictions on access.</subfield>
    </datafield>
    <datafield tag="524" ind1="1 " ind2=" ">
        <subfield code="d">Tibetan Buddhist Resource Center</subfield>
        <subfield code="f">CC-BY</subfield>
    </datafield>
    <datafield tag="520" ind1=" " ind2=" ">
        <subfield code="a">Work on Vinaya rules of monastic discipline by the Geluk author, Duldzin Drakpa Gyaltsen (1374-1434), founder of Tsunmo Tsel Monastery in Taktse Dzong, central Tibet.</subfield>
    </datafield>
    <datafield tag="533" ind1=" " ind2=" ">
        <subfield code="a">Electronic reproduction.</subfield>
        <subfield code="b">Cambridge, Mass. :</subfield>
        <subfield code="c">Tibetan Buddhist Resource Center.</subfield>
    </datafield>
    <datafield tag="546" ind1=" " ind2=" ">
        <subfield code="a">In Tibetan</subfield>
    </datafield>
    <datafield tag="653" ind1=" " ind2=" ">
        <subfield code="a">'dul ba monastic discipline vinaya/</subfield>
    </datafield>
    <datafield tag="653" ind1=" " ind2=" ">
        <subfield code="a">'dul ba'i cho ga monastic ordination manuals/</subfield>
    </datafield>
    <datafield tag="720" ind1="1" ind2=" ">
        <subfield code="a">grags pa rgyal mtshan/  'dul 'dzin grags pa rgyal mtshan, 1374-1434</subfield>
    </datafield>
    <datafield tag="773" ind1="0" ind2=" ">
        <subfield code="t">TBRC Core Text Collection.</subfield>
        <subfield code="g">6</subfield>
    </datafield>
    <datafield tag="776" ind1="0" ind2=" ">
        <subfield code="c">Original</subfield>
        <subfield code="w">(DLC)   72905163</subfield>
    </datafield>
    <datafield tag="856" ind1="4" ind2="0">
        <subfield code="u">http://www.tbrc.org/link?RID=W00EGS1016251</subfield>
        <subfield code="z">Available from TBRC</subfield>
    </datafield>
</record>