
<record xmlns="http://www.loc.gov/MARC21/slim">
    <leader>     nam a22     5i 4500</leader>
    <controlfield tag="001">W00EGS1016253</controlfield>
    <controlfield tag="008">^^^^^^s1982^^^^ii^^^^^^^^^^^|||||||tib^d</controlfield>
    <datafield tag="040" ind1=" " ind2=" ">
        <subfield code="a">MaCbTBRC</subfield>
        <subfield code="c">MaCbTBRC</subfield>
    </datafield>
    <datafield tag="050" ind1=" " ind2="4">
        <subfield code="a">BQ8920.2</subfield>
        <subfield code="b">.S63 1982</subfield>
    </datafield>
    <datafield tag="245" ind1="0" ind2="0">
        <subfield code="6">880-01</subfield>
        <subfield code="a">smad rgyud grwa tshang gi chos spyod rgyas pa</subfield>
        <subfield code="h">[electronic resource] :</subfield>
        <subfield code="b">the collected rituals and explanatory texts used by the monks of tantric college</subfield>
    </datafield>
    <datafield tag="246" ind1="1" ind2="3">
        <subfield code="a">gsang chen dpal ldan smad rgyud grwa tshang gis nyams bzhes chos skor gyi rim pa</subfield>
    </datafield>
    <datafield tag="246" ind1="1" ind2="3">
        <subfield code="a">the collected rituals and explanatory texts used by the monks of tantric college</subfield>
    </datafield>
    <datafield tag="880" ind1="0" ind2="0">
        <subfield code="6">245-01</subfield>
        <subfield code="a">སྨད་རྒྱུད་གྲྭ་ཚང་གི་ཆོས་སྤྱོད་རྒྱས་པ</subfield>
    </datafield>
    <datafield tag="260" ind1=" " ind2=" ">
        <subfield code="a">Gyudmed tantric college :</subfield>
        <subfield code="b">Hunsur, karnataka,</subfield>
        <subfield code="c">1982</subfield>
    </datafield>
    <datafield tag="300" ind1=" " ind2=" ">
        <subfield code="a">11 v.</subfield>
    </datafield>
    <datafield tag="505" ind1="0" ind2=" ">
        <subfield code="a">pod dang po/（1） pod gnyis pa/（2） pod gsum pa/（3） pod bzhi pa/（4） pod lnga pa/（5） pod drug pa/（6） pod bdun pa/（7） pod brgyad pa/（8） pod dgu pa/（9） pod bcu pa/（10） pod bcu gcig pa/（11）</subfield>
    </datafield>
    <datafield tag="506" ind1=" " ind2=" ">
        <subfield code="a">No restrictions on access.</subfield>
    </datafield>
    <datafield tag="524" ind1="1 " ind2=" ">
        <subfield code="d">Tibetan Buddhist Resource Center</subfield>
        <subfield code="f">CC-BY</subfield>
    </datafield>
    <datafield tag="520" ind1=" " ind2=" ">
        <subfield code="a">Collected liturgies and explanations of Geluk Megyu Tantric College. Compiled from blockprints and manuscripts in Karnataka, India, by Ngakrampa Lobzang Gelek and Ngakrampa Chime Dorje.</subfield>
    </datafield>
    <datafield tag="533" ind1=" " ind2=" ">
        <subfield code="a">Electronic reproduction.</subfield>
        <subfield code="b">Cambridge, Mass. :</subfield>
        <subfield code="c">Tibetan Buddhist Resource Center.</subfield>
    </datafield>
    <datafield tag="546" ind1=" " ind2=" ">
        <subfield code="a">In Tibetan</subfield>
    </datafield>
    <datafield tag="653" ind1=" " ind2=" ">
        <subfield code="a">chos spyod/</subfield>
    </datafield>
    <datafield tag="653" ind1=" " ind2=" ">
        <subfield code="a">dge lugs pa dga' ldan pa/</subfield>
    </datafield>
    <datafield tag="653" ind1=" " ind2=" ">
        <subfield code="a">smad rgyud rgyud smad/</subfield>
    </datafield>
    <datafield tag="773" ind1="0" ind2=" ">
        <subfield code="t">TBRC Core Text Collection.</subfield>
        <subfield code="g">6</subfield>
    </datafield>
    <datafield tag="776" ind1="0" ind2=" ">
        <subfield code="c">Original</subfield>
        <subfield code="w">(DLC)   83903663</subfield>
    </datafield>
    <datafield tag="856" ind1="4" ind2="0">
        <subfield code="u">http://www.tbrc.org/link?RID=W00EGS1016253</subfield>
        <subfield code="z">Available from TBRC</subfield>
    </datafield>
</record>