
<record xmlns="http://www.loc.gov/MARC21/slim">
    <leader>     nam a22     5i 4500</leader>
    <controlfield tag="001">W00EGS1016255</controlfield>
    <controlfield tag="008">^^^^^^s1984^^^^ii^^^^^^^^^^^|||||||tib^d</controlfield>
    <datafield tag="040" ind1=" " ind2=" ">
        <subfield code="a">MaCbTBRC</subfield>
        <subfield code="c">MaCbTBRC</subfield>
    </datafield>
    <datafield tag="050" ind1=" " ind2="4">
        <subfield code="a">BQ7697</subfield>
        <subfield code="b">.B34 1984</subfield>
    </datafield>
    <datafield tag="245" ind1="0" ind2="0">
        <subfield code="6">880-01</subfield>
        <subfield code="a">bde chen pad+mo chos lding gi bstan srung rgya mtsho'i bskang 'phrin nag 'gros chu 'babs su bkod pa dgra bgegs gzhom pa tshangs pa'i sgra dbyangs</subfield>
        <subfield code="h">[electronic resource] :</subfield>
        <subfield code="b">rituals for the propitiation of the protective deities involked by the monastery of bde-chen padma-chos-sdins, a monastery of the bo-don tradition in spo ron, western tibet</subfield>
    </datafield>
    <datafield tag="246" ind1="1" ind2="3">
        <subfield code="a">rituals for the propitiation of the protective deities involked by the monastery of bde-chen padma-chos-sdins, a monastery of the bo-don tradition in spo ron, western tibet</subfield>
    </datafield>
    <datafield tag="880" ind1="0" ind2="0">
        <subfield code="6">245-01</subfield>
        <subfield code="a">བདེ་ཆེན་པདྨོ་ཆོས་ལྡིང་གི་བསྟན་སྲུང་རྒྱ་མཚོའི་བསྐང་འཕྲིན་ནག་འགྲོས་ཆུ་འབབས་སུ་བཀོད་པ་དགྲ་བགེགས་གཞོམ་པ་ཚངས་པའི་སྒྲ་དབྱངས</subfield>
    </datafield>
    <datafield tag="260" ind1=" " ind2=" ">
        <subfield code="a">Delhi :</subfield>
        <subfield code="b">Ngawang topgyel,</subfield>
        <subfield code="c">1984</subfield>
    </datafield>
    <datafield tag="300" ind1=" " ind2=" ">
        <subfield code="a">456 p.</subfield>
    </datafield>
    <datafield tag="500" ind1=" " ind2=" ">
        <subfield code="a">"reproduced from a rare manuscript belonging to a monk of the tradition.".</subfield>
    </datafield>
    <datafield tag="505" ind1="0" ind2=" ">
        <subfield code="a">dkar chag bde chen pad+ma chos lding gi bstan srung rgya mtsho'i skang 'phrin/ chos bdag chen po bkra shis 'od 'bar gyi bskang ba/ dpal rdo rje 'jigs byed kyi mngon rtogs tshigs su bcad pa/ pad+ma chos lding gi gtor bsngo/</subfield>
    </datafield>
    <datafield tag="506" ind1=" " ind2=" ">
        <subfield code="a">No restrictions on access.</subfield>
    </datafield>
    <datafield tag="524" ind1="1 " ind2=" ">
        <subfield code="d">Tibetan Buddhist Resource Center</subfield>
        <subfield code="f">CC-BY</subfield>
    </datafield>
    <datafield tag="520" ind1=" " ind2=" ">
        <subfield code="a">Collected writings on ritual for the propitiation of protector deities by the Bodng monastery, Dechen Padma Choding in Porong.</subfield>
    </datafield>
    <datafield tag="533" ind1=" " ind2=" ">
        <subfield code="a">Electronic reproduction.</subfield>
        <subfield code="b">Cambridge, Mass. :</subfield>
        <subfield code="c">Tibetan Buddhist Resource Center.</subfield>
    </datafield>
    <datafield tag="546" ind1=" " ind2=" ">
        <subfield code="a">In Tibetan</subfield>
    </datafield>
    <datafield tag="653" ind1=" " ind2=" ">
        <subfield code="a">chos spyod/</subfield>
    </datafield>
    <datafield tag="653" ind1=" " ind2=" ">
        <subfield code="a">bo dong pa/</subfield>
    </datafield>
    <datafield tag="653" ind1=" " ind2=" ">
        <subfield code="a">pad ma chos gling/</subfield>
    </datafield>
    <datafield tag="773" ind1="0" ind2=" ">
        <subfield code="t">TBRC Core Text Collection.</subfield>
        <subfield code="g">6</subfield>
    </datafield>
    <datafield tag="776" ind1="0" ind2=" ">
        <subfield code="c">Original</subfield>
        <subfield code="w">(DLC)   85901464</subfield>
    </datafield>
    <datafield tag="856" ind1="4" ind2="0">
        <subfield code="u">http://www.tbrc.org/link?RID=W00EGS1016255</subfield>
        <subfield code="z">Available from TBRC</subfield>
    </datafield>
</record>