
<record xmlns="http://www.loc.gov/MARC21/slim">
    <leader>     nam a22     5i 4500</leader>
    <controlfield tag="001">W00EGS1016257</controlfield>
    <controlfield tag="008">^^^^^^suuuu^^^^cc^^^^^^^^^^^|||||||tib^d</controlfield>
    <datafield tag="040" ind1=" " ind2=" ">
        <subfield code="a">MaCbTBRC</subfield>
        <subfield code="c">MaCbTBRC</subfield>
    </datafield>
    <datafield tag="245" ind1="0" ind2="0">
        <subfield code="6">880-01</subfield>
        <subfield code="a">bdud rtsi snying po yan lag brgyad pa gsang ba man ngag gi rgyud...</subfield>
        <subfield code="h">[electronic resource].</subfield>
    </datafield>
    <datafield tag="880" ind1="0" ind2="0">
        <subfield code="6">245-01</subfield>
        <subfield code="a">བདུད་རྩི་སྙིང་པོ་ཡན་ལག་བརྒྱད་པ་གསང་བ་མན་ངག་གི་རྒྱུད..</subfield>
    </datafield>
    <datafield tag="260" ind1=" " ind2=" ">
        <subfield code="a">Sde dge :</subfield>
        <subfield code="b">Sde dge par khang chen mo,</subfield>
        <subfield code="c">[1999?]</subfield>
    </datafield>
    <datafield tag="300" ind1=" " ind2=" ">
        <subfield code="a">9. 49. 244, 63 folia (732 pp.)</subfield>
    </datafield>
    <datafield tag="500" ind1=" " ind2=" ">
        <subfield code="a">Impressions from the sde dge blocks carved in 1733 at the order of the ruler bstan pa tshe ring on the basis of the late 17th century po ta la print.</subfield>
    </datafield>
    <datafield tag="506" ind1=" " ind2=" ">
        <subfield code="a">No restrictions on access.</subfield>
    </datafield>
    <datafield tag="524" ind1="1 " ind2=" ">
        <subfield code="d">Tibetan Buddhist Resource Center</subfield>
        <subfield code="f">CC-BY</subfield>
    </datafield>
    <datafield tag="520" ind1=" " ind2=" ">
        <subfield code="a">On the science and study of Tibetan medicine. Made from reproductions of Degge Printery woodblocks carved in 1733, based on late 17th century Potala prints at the order of the King of Degge, Tenpa Tsering (1678-1738).</subfield>
    </datafield>
    <datafield tag="533" ind1=" " ind2=" ">
        <subfield code="a">Electronic reproduction.</subfield>
        <subfield code="b">Cambridge, Mass. :</subfield>
        <subfield code="c">Tibetan Buddhist Resource Center.</subfield>
    </datafield>
    <datafield tag="546" ind1=" " ind2=" ">
        <subfield code="a">In Tibetan</subfield>
    </datafield>
    <datafield tag="653" ind1=" " ind2=" ">
        <subfield code="a">sman medicine gso rig/</subfield>
    </datafield>
    <datafield tag="773" ind1="0" ind2=" ">
        <subfield code="t">TBRC Core Text Collection.</subfield>
        <subfield code="g">6</subfield>
    </datafield>
    <datafield tag="856" ind1="4" ind2="0">
        <subfield code="u">http://www.tbrc.org/link?RID=W00EGS1016257</subfield>
        <subfield code="z">Available from TBRC</subfield>
    </datafield>
</record>