
<record xmlns="http://www.loc.gov/MARC21/slim">
    <leader>     nam a22     5i 4500</leader>
    <controlfield tag="001">W00EGS1016261</controlfield>
    <controlfield tag="008">^^^^^^s1983^^^^ii^^^^^^^^^^^|||||||tib^d</controlfield>
    <datafield tag="040" ind1=" " ind2=" ">
        <subfield code="a">MaCbTBRC</subfield>
        <subfield code="c">MaCbTBRC</subfield>
    </datafield>
    <datafield tag="050" ind1=" " ind2="4">
        <subfield code="a">BQ7685.4</subfield>
        <subfield code="b">.D57 1983</subfield>
    </datafield>
    <datafield tag="245" ind1="0" ind2="0">
        <subfield code="6">880-01</subfield>
        <subfield code="a">dpal stag lung pa chen po'i ring lugs kyi bsang gsol chen mo</subfield>
        <subfield code="h">[electronic resource] :</subfield>
        <subfield code="b">the largest version of the rituals for the offering bsans of the stag-lun bka'-brgyud-pa tradition</subfield>
    </datafield>
    <datafield tag="246" ind1="1" ind2="3">
        <subfield code="a">the largest version of the rituals for the offering bsans of the stag-lun bka'-brgyud-pa tradition</subfield>
    </datafield>
    <datafield tag="880" ind1="0" ind2="0">
        <subfield code="6">245-01</subfield>
        <subfield code="a">དཔལ་སྟག་ལུང་པ་ཆེན་པོའི་རིང་ལུགས་ཀྱི་བསང་གསོལ་ཆེན་མོ</subfield>
    </datafield>
    <datafield tag="260" ind1=" " ind2=" ">
        <subfield code="a">Bir, h. p. :</subfield>
        <subfield code="b">Pema gyaltsen,</subfield>
        <subfield code="c">1983</subfield>
    </datafield>
    <datafield tag="300" ind1=" " ind2=" ">
        <subfield code="a">595 p.</subfield>
    </datafield>
    <datafield tag="500" ind1=" " ind2=" ">
        <subfield code="a">"reproduced from rare manuscripts from the library of takpa gyaltsen of riwoche.".</subfield>
    </datafield>
    <datafield tag="506" ind1=" " ind2=" ">
        <subfield code="a">No restrictions on access.</subfield>
    </datafield>
    <datafield tag="524" ind1="1 " ind2=" ">
        <subfield code="d">Tibetan Buddhist Resource Center</subfield>
        <subfield code="f">CC-BY</subfield>
    </datafield>
    <datafield tag="520" ind1=" " ind2=" ">
        <subfield code="a">Collection of instructions for ritual offerings in the Taklung Kagyu order. Reproduced from a manuscript in the library of Drakpa Gyeltsen of Riwoche.</subfield>
    </datafield>
    <datafield tag="533" ind1=" " ind2=" ">
        <subfield code="a">Electronic reproduction.</subfield>
        <subfield code="b">Cambridge, Mass. :</subfield>
        <subfield code="c">Tibetan Buddhist Resource Center.</subfield>
    </datafield>
    <datafield tag="546" ind1=" " ind2=" ">
        <subfield code="a">In Tibetan</subfield>
    </datafield>
    <datafield tag="653" ind1=" " ind2=" ">
        <subfield code="a">bsangs mchod/</subfield>
    </datafield>
    <datafield tag="653" ind1=" " ind2=" ">
        <subfield code="a">stag lung bka' brgyud pa/</subfield>
    </datafield>
    <datafield tag="773" ind1="0" ind2=" ">
        <subfield code="t">TBRC Core Text Collection.</subfield>
        <subfield code="g">6</subfield>
    </datafield>
    <datafield tag="776" ind1="0" ind2=" ">
        <subfield code="c">Original</subfield>
        <subfield code="w">(DLC)   83904364</subfield>
    </datafield>
    <datafield tag="856" ind1="4" ind2="0">
        <subfield code="u">http://www.tbrc.org/link?RID=W00EGS1016261</subfield>
        <subfield code="z">Available from TBRC</subfield>
    </datafield>
</record>