
<record xmlns="http://www.loc.gov/MARC21/slim">
    <leader>     nam a22     5i 4500</leader>
    <controlfield tag="001">W00EGS1016263</controlfield>
    <controlfield tag="008">^^^^^^s1977^^^^ii^^^^^^^^^^^|||||||tib^d</controlfield>
    <datafield tag="040" ind1=" " ind2=" ">
        <subfield code="a">MaCbTBRC</subfield>
        <subfield code="c">MaCbTBRC</subfield>
    </datafield>
    <datafield tag="050" ind1=" " ind2="4">
        <subfield code="a">BQ7682.4</subfield>
        <subfield code="b">.K37 </subfield>
    </datafield>
    <datafield tag="245" ind1="0" ind2="0">
        <subfield code="6">880-01</subfield>
        <subfield code="a">karma pa sgar bsangs chen mo</subfield>
        <subfield code="h">[electronic resource] :</subfield>
        <subfield code="b">the collected rituals for the offering of bsans of the karma-pa sgar</subfield>
    </datafield>
    <datafield tag="246" ind1="1" ind2="3">
        <subfield code="a">sgar bsangs chen mo dang gtor bsngo nyer mkho'i rigs</subfield>
    </datafield>
    <datafield tag="246" ind1="1" ind2="3">
        <subfield code="a">the collected rituals for the offering of bsans of the karma-pa sgar</subfield>
    </datafield>
    <datafield tag="246" ind1="1" ind2="3">
        <subfield code="a">Karma pa Sgar bsans chen mo :the collected rituals for the offering of bsaṅs of the Karma-pa Sgar /by the 15th Rgyal-bdaṅ Karma-pa Mkhaʾ-khyab-rdo-rje and other masters.</subfield>
    </datafield>
    <datafield tag="880" ind1="0" ind2="0">
        <subfield code="6">245-01</subfield>
        <subfield code="a">ཀརྨ་པ་སྒར་བསངས་ཆེན་མོ</subfield>
    </datafield>
    <datafield tag="260" ind1=" " ind2=" ">
        <subfield code="a">Delhi :</subfield>
        <subfield code="b">Karma chophel,</subfield>
        <subfield code="c">1977</subfield>
    </datafield>
    <datafield tag="300" ind1=" " ind2=" ">
        <subfield code="a">628 p.</subfield>
    </datafield>
    <datafield tag="500" ind1=" " ind2=" ">
        <subfield code="a">"reproduced from a collection of prints from blocks of dpal-spuns and lha-thog.".</subfield>
    </datafield>
    <datafield tag="505" ind1="0" ind2=" ">
        <subfield code="a">tshogs bsags chos spyod kyi rim pa skal ldan thar par bgrod pa'i lam bzang / zung 'jug don gyi brgyud pa'i rim pa la gsol ba 'debs pa/ sgrub brgyud karma kaM tshang gi sngon 'gro/ sgar bsangs chen mo yid bzhin dbang rgyal dngos grub char 'bebs/ bsangs mchod bdud rtsi sprin phung bkra shis char 'bebs/ rgyun gyi bsangs mchod dge legs sprin phung/ mgon po legs ldan gyi dgra chos dgra bla bcu gsum gyi bsangs mchod/ legs ldan dgra bla'i bsangs mchod bsdus pa/ sde brgyad bcos thabs gnubs sangs rgyas ye shes kyi mdzad pa sde brgyad gser skyems/ rtsa gsum bka' srung bcas kyi gtor bsngos/ dpal mgon legs ldan gyi bzlog pa/ rgyun khyer gyi lus sbyin bsdus pa/ bka' 'gyur ro cog gi snying po bsdus pa/ gtsug tor dkar mo'i bsgom bzlas bde can zhing du bgrod pa'i gdams pa/</subfield>
    </datafield>
    <datafield tag="506" ind1=" " ind2=" ">
        <subfield code="a">No restrictions on access.</subfield>
    </datafield>
    <datafield tag="524" ind1="1 " ind2=" ">
        <subfield code="d">Tibetan Buddhist Resource Center</subfield>
        <subfield code="f">CC-BY</subfield>
    </datafield>
    <datafield tag="520" ind1=" " ind2=" ">
        <subfield code="a">Collection of instructions for ritual offerings by Karmapa 15 Khakyab Dorje (1870/1871-1921/1922) and other writers. Reproduced from a collection of blockprints from Pelpung Monastery and the Lhatok region.</subfield>
    </datafield>
    <datafield tag="533" ind1=" " ind2=" ">
        <subfield code="a">Electronic reproduction.</subfield>
        <subfield code="b">Cambridge, Mass. :</subfield>
        <subfield code="c">Tibetan Buddhist Resource Center.</subfield>
    </datafield>
    <datafield tag="546" ind1=" " ind2=" ">
        <subfield code="a">In Tibetan</subfield>
    </datafield>
    <datafield tag="653" ind1=" " ind2=" ">
        <subfield code="a">karma 'i sgar chen traveling encampment of the karma pa lama/</subfield>
    </datafield>
    <datafield tag="653" ind1=" " ind2=" ">
        <subfield code="a">bsangs mchod/</subfield>
    </datafield>
    <datafield tag="653" ind1=" " ind2=" ">
        <subfield code="a">karma bka' brgyud pa kaM tshang bka' brgyud pa/</subfield>
    </datafield>
    <datafield tag="720" ind1="1" ind2=" ">
        <subfield code="a">mkha' khyab rdo rje/  karma pa 15 mkha' khyab rdo rje, 1870/1871-1921/1922</subfield>
    </datafield>
    <datafield tag="773" ind1="0" ind2=" ">
        <subfield code="t">TBRC Core Text Collection.</subfield>
        <subfield code="g">6</subfield>
    </datafield>
    <datafield tag="776" ind1="0" ind2=" ">
        <subfield code="c">Original</subfield>
        <subfield code="w">(DLC)   78900720</subfield>
    </datafield>
    <datafield tag="856" ind1="4" ind2="0">
        <subfield code="u">http://www.tbrc.org/link?RID=W00EGS1016263</subfield>
        <subfield code="z">Available from TBRC</subfield>
    </datafield>
</record>