
<record xmlns="http://www.loc.gov/MARC21/slim">
    <leader>     nam a22     5i 4500</leader>
    <controlfield tag="001">W00EGS1016265</controlfield>
    <controlfield tag="008">^^^^^^s1972^^^^ii^^^^^^^^^^^|||||||tib^d</controlfield>
    <datafield tag="040" ind1=" " ind2=" ">
        <subfield code="a">MaCbTBRC</subfield>
        <subfield code="c">MaCbTBRC</subfield>
    </datafield>
    <datafield tag="050" ind1=" " ind2="4">
        <subfield code="a">BQ7450</subfield>
        <subfield code="b">.B77 </subfield>
    </datafield>
    <datafield tag="245" ind1="0" ind2="0">
        <subfield code="a">ston thun chen mo of mkhas-grub dge-legs-dpal-bzan and other texts on madhyamika philosophy</subfield>
        <subfield code="h">[electronic resource] :</subfield>
        <subfield code="b">zab mo stong pa nyid de kho na nyid rab tu gsal bar byed pa'i bstan bcos</subfield>
    </datafield>
    <datafield tag="246" ind1="1" ind2="3">
        <subfield code="a">dbu ma stong thun chen mo/</subfield>
    </datafield>
    <datafield tag="246" ind1="1" ind2="3">
        <subfield code="a">zab mo stong pa nyid de kho na nyid rab tu gsal bar byed pa'i bstan bcos</subfield>
    </datafield>
    <datafield tag="246" ind1="1" ind2="3">
        <subfield code="a">Stoṅ thun chen mo of Mkhas-grub Dge-legs-dpal-bzaṅ :and other texts on Madhyamika Philosophy /edited by Lha-mkhar Yoṅs-ʼdzin Bstanpa Rgyal mtshan.</subfield>
    </datafield>
    <datafield tag="260" ind1=" " ind2=" ">
        <subfield code="a">New delhi :</subfield>
        <subfield code="b">Lha mkhar yongs 'dzin bstan pa rgyal mtshan,</subfield>
        <subfield code="c">1972</subfield>
    </datafield>
    <datafield tag="300" ind1=" " ind2=" ">
        <subfield code="a">1 v. (unpaged)</subfield>
    </datafield>
    <datafield tag="490" ind1="0" ind2=" ">
        <subfield code="a">madhyamika text series ;</subfield>
        <subfield code="v">v. 1</subfield>
    </datafield>
    <datafield tag="500" ind1=" " ind2=" ">
        <subfield code="a">Reproduced from original blockprints.</subfield>
    </datafield>
    <datafield tag="505" ind1="0" ind2=" ">
        <subfield code="a">dkar chag zab mo stong pa nyid kyi de kho na nyid rab tu gsal bar byed pa'i bstan bcos skal bzang mig 'byed/ dbu ma rtsa ba'i 'grel pa tshig gsal gyi mtha' bzhi'i skye ba 'gog pa'i stong thun zhang zhung pa phyogs las rnam par rgyal ba chos grags pa'i dpal gyis zin bris su mdzad pa/ rten 'brel bstod pa legs bshad snying po zhes bya ba'i bsdus don snying po mchog zhi lhag gnyis kyi dka' gnas grub rje'i gsung bzhin rdo rje 'chang zhang zhung pa chen pos zin bris su mdzad pa/ zab mo dbu ma'i lta khrid mthaaar 'dzin kun sel/ lta mgur a ma ngos 'dzin rtsa 'grel/ lta ba'i mgur gyi 'grel pa tshig gi sgron me/ </subfield>
    </datafield>
    <datafield tag="506" ind1=" " ind2=" ">
        <subfield code="a">No restrictions on access.</subfield>
    </datafield>
    <datafield tag="524" ind1="1 " ind2=" ">
        <subfield code="d">Tibetan Buddhist Resource Center</subfield>
        <subfield code="f">CC-BY</subfield>
    </datafield>
    <datafield tag="520" ind1=" " ind2=" ">
        <subfield code="a">Works on Madhyamaka by Ganden Tripa 03 and Panchen Lama 01 Khedrub Gelek Pelzang (1385-1438) with contributions also by Zhang Zhung Chowang Drakpa (1404-1469/1471), Ganden Tripa 08 Monlam Pelpa (1414-1491) and Jamyang Zhepa 02 Konchok
        Jigme Wangpo (1728-1791).</subfield>
    </datafield>
    <datafield tag="533" ind1=" " ind2=" ">
        <subfield code="a">Electronic reproduction.</subfield>
        <subfield code="b">Cambridge, Mass. :</subfield>
        <subfield code="c">Tibetan Buddhist Resource Center.</subfield>
    </datafield>
    <datafield tag="546" ind1=" " ind2=" ">
        <subfield code="a">In Tibetan</subfield>
    </datafield>
    <datafield tag="653" ind1=" " ind2=" ">
        <subfield code="a">dbu ma/</subfield>
    </datafield>
    <datafield tag="653" ind1=" " ind2=" ">
        <subfield code="a">chos bshad/</subfield>
    </datafield>
    <datafield tag="720" ind1="1" ind2=" ">
        <subfield code="a">dge legs dpal bzang/  mkhas grub rje dge legs dpal bzang, 1385-1438</subfield>
    </datafield>
    <datafield tag="720" ind1="1" ind2=" ">
        <subfield code="a">chos dbang grags pa/  zhang zhung chos dbang grags pa, 1404-1469/1471</subfield>
        <subfield code="e">contributor</subfield>
    </datafield>
    <datafield tag="720" ind1="1" ind2=" ">
        <subfield code="a">smon lam dpal ba, 1414-1491</subfield>
        <subfield code="e">contributor</subfield>
    </datafield>
    <datafield tag="720" ind1="1" ind2=" ">
        <subfield code="a">dkon mchog 'jigs med dbang po/  'jam dbyangs bzhad pa 02 dkon mchog 'jigs med dbang po, 1728-1791</subfield>
        <subfield code="e">contributor</subfield>
    </datafield>
    <datafield tag="773" ind1="0" ind2=" ">
        <subfield code="t">TBRC Core Text Collection.</subfield>
        <subfield code="g">6</subfield>
    </datafield>
    <datafield tag="776" ind1="0" ind2=" ">
        <subfield code="c">Original</subfield>
        <subfield code="w">(DLC)   72901805</subfield>
    </datafield>
    <datafield tag="856" ind1="4" ind2="0">
        <subfield code="u">http://www.tbrc.org/link?RID=W00EGS1016265</subfield>
        <subfield code="z">Available from TBRC</subfield>
    </datafield>
</record>