
<record xmlns="http://www.loc.gov/MARC21/slim">
    <leader>     nam a22     5i 4500</leader>
    <controlfield tag="001">W00EGS1016267</controlfield>
    <controlfield tag="008">^^^^^^s1975^^^^ii^^^^^^^^^^^|||||||tib^d</controlfield>
    <datafield tag="040" ind1=" " ind2=" ">
        <subfield code="a">MaCbTBRC</subfield>
        <subfield code="c">MaCbTBRC</subfield>
    </datafield>
    <datafield tag="245" ind1="0" ind2="0">
        <subfield code="6">880-01</subfield>
        <subfield code="a">calendrical calculation and astrological texts from ladakh</subfield>
        <subfield code="h">[electronic resource].</subfield>
    </datafield>
    <datafield tag="246" ind1="1" ind2="3">
        <subfield code="a">Calendrical calculation and astrological texts from Ladakh.</subfield>
    </datafield>
    <datafield tag="880" ind1="0" ind2="0">
        <subfield code="6">245-01</subfield>
        <subfield code="a">ཅལེནདྲིཅལ་ཅལྕུལཏིཨོན་ཨནད་ཨསྟྲོལོགིཅལ་ཏེxཙ་ཕ༹ྲོམ་ལདཁ</subfield>
    </datafield>
    <datafield tag="260" ind1=" " ind2=" ">
        <subfield code="a">Leh :</subfield>
        <subfield code="b">S.w. tashigangpa,</subfield>
        <subfield code="c">1975</subfield>
    </datafield>
    <datafield tag="300" ind1=" " ind2=" ">
        <subfield code="a">525 columns</subfield>
    </datafield>
    <datafield tag="490" ind1="0" ind2=" ">
        <subfield code="a">smanrtsis shesrig spendzod ;</subfield>
        <subfield code="v">v. 67</subfield>
    </datafield>
    <datafield tag="500" ind1=" " ind2=" ">
        <subfield code="a">"reproduced from manuscripts in the possession of emchi tashi wangyal.".</subfield>
    </datafield>
    <datafield tag="505" ind1="0" ind2=" ">
        <subfield code="a">byed grub rtsis kyi bstan bcos mkhas pa'i spyod yul rtsis kyi legs bshad 'chi med 'dod 'jo blo gsar yid kyi bdud rtsis las dus sbyor 'di bi chos kyi dbang phyug dam pa rdo rje'i lags pa'i dus sbyor ngo mtshar bltas chog gsal ba'i sgron me grub rtsis rnam dag legs bshad las khyim sleb sgang tshad dbugs thob legs nyer mkho'i man ngag mnam myong ma rgya mtsho las grub rtsis rnam par dag pa'i re'u mig skal ldan mkhas pa'i mu tig gi do shal rin chen yi bang mdzod kyi kyi lde mig rnam dag grub pa'i gza' nyi rtag long rgya mtsho las 'grub rtsis rnam dag gi zla rkang cha shas kyi  re'u mig 'byung lugs dpal ldan byed pa'i skal dru'i re'u mig rkang drug bzhi lngas sbyangs pa dpal ldan byed pa'i gza' nyi rtag long dpal dus kyi 'khor lo'i man ngag khyim slebs kyi dngos 'dzin gsal ba'i me long dpal dus 'khor las man ngag sgang tshad kyi zla grangs tshes grangs 'dod cha lnga cha bcas kyi bya ra ba dpal dus 'khor lo'i man ngag las dbugs thob dbyar dgun nyi ldog ri shi phag zhag bcas kyi zla grangs tshes grangs 'dod cha lnga cha bzas kyi bya ra drag gza' gsum las mig dmar gyi dal dag zhag rtsis re'u mig bcu gnyis su spel ba mkhas pa dang blo gsar spro ba skye ba drag gza' gsum gyi rkang 'dzin dang zhi gza' gnyis kyi dal dag re'u mig legs pa cig gza' lnga'i myur ba'i re'u mig mkhas pa dgyes shing blo gsar rigs pa dpun pa gcig dpal ldan sgra gcan gyi bskal dru'i re'u mig mkha' me lag pa'i bar du spel ba phug lugs rtsis kyi legs bshad rtsis kyi legs bshad mkhas pa'i mgul rgyan bai Dur dkar po'i do shal spyod ldan snying nor las drag gsum rkang 'dzin dang gzhi gnyis dal dag gi re'u mig lhung grub phun tshogs drag gza' gsum las bkra shis kyi dal dag re'u mig bcur spel ba mkhas pa'i mgul rgyan bkra shis myur ba bla med pa'i 'byung khungs mkhas pa'i phyag len nyi ma bar pa'i nges pas nyi ldog phag zhag sgang dbugs rnams kyi sgrub tshul re'u mig tu bkod pa mkhas pa'i snying nor</subfield>
    </datafield>
    <datafield tag="506" ind1=" " ind2=" ">
        <subfield code="a">No restrictions on access.</subfield>
    </datafield>
    <datafield tag="524" ind1="1 " ind2=" ">
        <subfield code="d">Tibetan Buddhist Resource Center</subfield>
        <subfield code="f">CC-BY</subfield>
    </datafield>
    <datafield tag="520" ind1=" " ind2=" ">
        <subfield code="a">Collection of texts on astrological and calendendrical system in Ladakh. At least one of the texts is by Drikung Kagyu master Konchok Trinle Zangpo (1656-1718). Reproduced from manuscripts in the possession of Amchi Tashi Wangyal.</subfield>
    </datafield>
    <datafield tag="533" ind1=" " ind2=" ">
        <subfield code="a">Electronic reproduction.</subfield>
        <subfield code="b">Cambridge, Mass. :</subfield>
        <subfield code="c">Tibetan Buddhist Resource Center.</subfield>
    </datafield>
    <datafield tag="546" ind1=" " ind2=" ">
        <subfield code="a">In Tibetan</subfield>
    </datafield>
    <datafield tag="653" ind1=" " ind2=" ">
        <subfield code="a">dkar rtsis/</subfield>
    </datafield>
    <datafield tag="653" ind1=" " ind2=" ">
        <subfield code="a">li tho/ le'u tho/ lo tho//</subfield>
    </datafield>
    <datafield tag="773" ind1="0" ind2=" ">
        <subfield code="t">Core Text Collection 09.</subfield>
        <subfield code="g"/>
    </datafield>
    <datafield tag="776" ind1="0" ind2=" ">
        <subfield code="c">Original</subfield>
        <subfield code="w">(DLC)   76900094</subfield>
    </datafield>
    <datafield tag="856" ind1="4" ind2="0">
        <subfield code="u">http://www.tbrc.org/link?RID=W00EGS1016267</subfield>
        <subfield code="z">Available from TBRC</subfield>
    </datafield>
</record>