
<record xmlns="http://www.loc.gov/MARC21/slim">
    <leader>     nam a22     5i 4500</leader>
    <controlfield tag="001">W00EGS1016269</controlfield>
    <controlfield tag="008">^^^^^^suuuu^^^^ii^^^^^^^^^^^|||||||tib^d</controlfield>
    <datafield tag="040" ind1=" " ind2=" ">
        <subfield code="a">MaCbTBRC</subfield>
        <subfield code="c">MaCbTBRC</subfield>
    </datafield>
    <datafield tag="050" ind1=" " ind2="4">
        <subfield code="a">BQ4275</subfield>
        <subfield code="b">.B56 1988</subfield>
    </datafield>
    <datafield tag="245" ind1="0" ind2="0">
        <subfield code="6">880-01</subfield>
        <subfield code="a">drang ba dang nges pa'i don rnam par 'byed pa'i bstan bcos legs par bshad pa'i snying po'i dgongs pa'i don gsal bar byed pa'i me long</subfield>
        <subfield code="h">[electronic resource].</subfield>
    </datafield>
    <datafield tag="246" ind1="1" ind2="3">
        <subfield code="a">Draṅ ba daṅ ṅes paʾi don rnam par ʾbyed paʾi bstan bcos legs par bśad paʾi sñiṅ poʾi dgoṅs paʾi don gsal bar byed paʾi me loṅ źes bya ba bźugs so /[Ser-byas Rab-ʾbyams Blo-bzaṅ-dge-legs].</subfield>
    </datafield>
    <datafield tag="246" ind1="1" ind2="3">
        <subfield code="a">Draṅ ba daṅ ṅes paʾi don rnam par ʾbyed paʾi bstan bcos legs par bśad paʾi sñiṅ poʾi dgoṅs paʾi don gsal bar byed paʾi me loṅ źes bya ba bźugs so /[Ser-byas Rab-ʾbyams Blo-bzaṅ-dge-legs].</subfield>
    </datafield>
    <datafield tag="880" ind1="0" ind2="0">
        <subfield code="6">245-01</subfield>
        <subfield code="a">དྲང་བ་དང་ངེས་པའི་དོན་རྣམ་པར་འབྱེད་པའི་བསྟན་བཅོས་ལེགས་པར་བཤད་པའི་སྙིང་པོའི་དགོངས་པའི་དོན་གསལ་བར་བྱེད་པའི་མེ་ལོང</subfield>
    </datafield>
    <datafield tag="260" ind1=" " ind2=" ">
        <subfield code="a">Karnataka? :</subfield>
        <subfield code="b">Se ra byes,</subfield>
        <subfield code="c">[1988?]</subfield>
    </datafield>
    <datafield tag="300" ind1=" " ind2=" ">
        <subfield code="a">786 p.</subfield>
    </datafield>
    <datafield tag="506" ind1=" " ind2=" ">
        <subfield code="a">No restrictions on access.</subfield>
    </datafield>
    <datafield tag="524" ind1="1 " ind2=" ">
        <subfield code="d">Tibetan Buddhist Resource Center</subfield>
        <subfield code="f">CC-BY</subfield>
    </datafield>
    <datafield tag="520" ind1=" " ind2=" ">
        <subfield code="a">Commentary on the Prajnaparamita by Drati Geshe Lobzang Gelek (18th cent.).</subfield>
    </datafield>
    <datafield tag="533" ind1=" " ind2=" ">
        <subfield code="a">Electronic reproduction.</subfield>
        <subfield code="b">Cambridge, Mass. :</subfield>
        <subfield code="c">Tibetan Buddhist Resource Center.</subfield>
    </datafield>
    <datafield tag="546" ind1=" " ind2=" ">
        <subfield code="a">In Tibetan</subfield>
    </datafield>
    <datafield tag="653" ind1=" " ind2=" ">
        <subfield code="a">bden gnyis drang don nges don/</subfield>
    </datafield>
    <datafield tag="653" ind1=" " ind2=" ">
        <subfield code="a">phar phyin paramita/</subfield>
    </datafield>
    <datafield tag="720" ind1="1" ind2=" ">
        <subfield code="a">blo bzang dge legs/  bra ti dge bshes chung ba blo bzang dge legs, 17uu.</subfield>
    </datafield>
    <datafield tag="773" ind1="0" ind2=" ">
        <subfield code="t">TBRC Core Text Collection.</subfield>
        <subfield code="g">6</subfield>
    </datafield>
    <datafield tag="776" ind1="0" ind2=" ">
        <subfield code="c">Original</subfield>
        <subfield code="w">(DLC)   93908689</subfield>
    </datafield>
    <datafield tag="856" ind1="4" ind2="0">
        <subfield code="u">http://www.tbrc.org/link?RID=W00EGS1016269</subfield>
        <subfield code="z">Available from TBRC</subfield>
    </datafield>
</record>