
<record xmlns="http://www.loc.gov/MARC21/slim">
    <leader>     nam a22     5i 4500</leader>
    <controlfield tag="001">W00EGS1016271</controlfield>
    <controlfield tag="008">^^^^^^s1985^^^^ii^^^^^^^^^^^|||||||tib^d</controlfield>
    <datafield tag="040" ind1=" " ind2=" ">
        <subfield code="a">MaCbTBRC</subfield>
        <subfield code="c">MaCbTBRC</subfield>
    </datafield>
    <datafield tag="050" ind1=" " ind2="4">
        <subfield code="a">BQ7460</subfield>
        <subfield code="b">.B56 1985</subfield>
    </datafield>
    <datafield tag="245" ind1="0" ind2="0">
        <subfield code="6">880-01</subfield>
        <subfield code="a">rtsod lan blo dman snying gi gdung sel ga bur thig pa'i spun zla</subfield>
        <subfield code="h">[electronic resource] :</subfield>
        <subfield code="b">a refutation of the views of 'jam-mgon 'ju mi-pham-rgya-mtsho in the series of polemical writings on the nature of sunyata and madhyamika philosophy</subfield>
    </datafield>
    <datafield tag="246" ind1="1" ind2="3">
        <subfield code="a">a refutation of the views of 'jam-mgon 'ju mi-pham-rgya-mtsho in the series of polemical writings on the nature of sunyata and madhyamika philosophy</subfield>
    </datafield>
    <datafield tag="880" ind1="0" ind2="0">
        <subfield code="6">245-01</subfield>
        <subfield code="a">རྩོད་ལན་བློ་དམན་སྙིང་གི་གདུང་སེལ་ག་བུར་ཐིག་པའི་སྤུན་ཟླ</subfield>
    </datafield>
    <datafield tag="260" ind1=" " ind2=" ">
        <subfield code="a">Mundgod, u.k., karnataka :</subfield>
        <subfield code="b">Drepung loseling library society,</subfield>
        <subfield code="c">1985</subfield>
    </datafield>
    <datafield tag="300" ind1=" " ind2=" ">
        <subfield code="a">109 p.</subfield>
    </datafield>
    <datafield tag="490" ind1="0" ind2=" ">
        <subfield code="a">pan-chen bsod-nams-grags-pa literature series ;</subfield>
        <subfield code="v">v. 40</subfield>
    </datafield>
    <datafield tag="500" ind1=" " ind2=" ">
        <subfield code="a">"reproduced from a print from the 'bras-spuns blo-gsal-glin blocks.".</subfield>
    </datafield>
    <datafield tag="506" ind1=" " ind2=" ">
        <subfield code="a">No restrictions on access.</subfield>
    </datafield>
    <datafield tag="524" ind1="1 " ind2=" ">
        <subfield code="d">Tibetan Buddhist Resource Center</subfield>
        <subfield code="f">CC-BY</subfield>
    </datafield>
    <datafield tag="520" ind1=" " ind2=" ">
        <subfield code="a">Polemical writing by Denma Geshe Lobzang Choying (19th cent.) of Drepung Loseling Monastic College. Refutations on the views of Jamgong Ju Mipam Gyatso (1846-1912) on topics such as Madhyamaka philosophy and emptiness.</subfield>
    </datafield>
    <datafield tag="533" ind1=" " ind2=" ">
        <subfield code="a">Electronic reproduction.</subfield>
        <subfield code="b">Cambridge, Mass. :</subfield>
        <subfield code="c">Tibetan Buddhist Resource Center.</subfield>
    </datafield>
    <datafield tag="546" ind1=" " ind2=" ">
        <subfield code="a">In Tibetan</subfield>
    </datafield>
    <datafield tag="653" ind1=" " ind2=" ">
        <subfield code="a">dbu ma madhyamika/</subfield>
    </datafield>
    <datafield tag="653" ind1=" " ind2=" ">
        <subfield code="a">mi pham rgya mtsho 'ju mi pham rnam rgyal rgya mtsho mi pham rnam rgyal rgya mtsho 'jam mgon mi pham rgya mtsho/</subfield>
    </datafield>
    <datafield tag="720" ind1="1" ind2=" ">
        <subfield code="a">blo bzang chos dbyings, 18uu.</subfield>
    </datafield>
    <datafield tag="773" ind1="0" ind2=" ">
        <subfield code="t">TBRC Core Text Collection.</subfield>
        <subfield code="g">6</subfield>
    </datafield>
    <datafield tag="776" ind1="0" ind2=" ">
        <subfield code="c">Original</subfield>
        <subfield code="w">(DLC)   86900171</subfield>
    </datafield>
    <datafield tag="856" ind1="4" ind2="0">
        <subfield code="u">http://www.tbrc.org/link?RID=W00EGS1016271</subfield>
        <subfield code="z">Available from TBRC</subfield>
    </datafield>
</record>