
<record xmlns="http://www.loc.gov/MARC21/slim">
    <leader>     nam a22     5i 4500</leader>
    <controlfield tag="001">W00EGS1016278</controlfield>
    <controlfield tag="008">^^^^^^s1974^^^^ii^^^^^^^^^^^|||||||tib^d</controlfield>
    <datafield tag="040" ind1=" " ind2=" ">
        <subfield code="a">MaCbTBRC</subfield>
        <subfield code="c">MaCbTBRC</subfield>
    </datafield>
    <datafield tag="050" ind1=" " ind2="4">
        <subfield code="a">BQ7699.G36</subfield>
        <subfield code="b">G32 1974</subfield>
    </datafield>
    <datafield tag="245" ind1="0" ind2="0">
        <subfield code="6">880-01</subfield>
        <subfield code="a">gcod kyi chos skor</subfield>
        <subfield code="h">[electronic resource] :</subfield>
        <subfield code="b">three texts on the history and practice of the zi-byed and gcod precepts</subfield>
    </datafield>
    <datafield tag="246" ind1="1" ind2="3">
        <subfield code="a">three texts on the history and practice of the zi-byed and gcod precepts</subfield>
    </datafield>
    <datafield tag="246" ind1="1" ind2="3">
        <subfield code="a">Gcod kyi chos skor :three texts on the history and practice of the Źi-byed and Gcod precepts.</subfield>
    </datafield>
    <datafield tag="246" ind1="1" ind2="3">
        <subfield code="a">Gcod kyi chos skor :three texts on the history and practice of the Źi-byed and Gcod precepts.</subfield>
    </datafield>
    <datafield tag="880" ind1="0" ind2="0">
        <subfield code="6">245-01</subfield>
        <subfield code="a">གཅོད་ཀྱི་ཆོས་སྐོར</subfield>
    </datafield>
    <datafield tag="260" ind1=" " ind2=" ">
        <subfield code="a">New delhi :</subfield>
        <subfield code="b">Tibet house,</subfield>
        <subfield code="c">1974</subfield>
    </datafield>
    <datafield tag="300" ind1=" " ind2=" ">
        <subfield code="a">[130] p.</subfield>
    </datafield>
    <datafield tag="490" ind1="0" ind2=" ">
        <subfield code="a">series 2-tibet house ;</subfield>
        <subfield code="v">v. 26</subfield>
    </datafield>
    <datafield tag="500" ind1=" " ind2=" ">
        <subfield code="a">Contents: ser phyin tshigs bcad chen mo of aryadeva.--phun po gzan skyur gyi rnam bsad.--zi byed dan gcod yul gyi chos 'byun of 'jigs bral chos kyi senge.</subfield>
    </datafield>
    <datafield tag="505" ind1="0" ind2=" ">
        <subfield code="a">shes rab kyi pha rol tu phyin pa'i tshigs su bcad pa chen mo phung po gzan skyur gyi rnam bshad gcod kyi don gsal byed zhi byed dang gcod yul gyi chos 'byung rin po che'i phreng ba thar pa'i rgyan</subfield>
    </datafield>
    <datafield tag="506" ind1=" " ind2=" ">
        <subfield code="a">No restrictions on access.</subfield>
    </datafield>
    <datafield tag="524" ind1="1 " ind2=" ">
        <subfield code="d">Tibetan Buddhist Resource Center</subfield>
        <subfield code="f">CC-BY</subfield>
    </datafield>
    <datafield tag="520" ind1=" " ind2=" ">
        <subfield code="a">Three 19th century to early 20th century works from central Tibet on the history and practice of zhije and chod.</subfield>
    </datafield>
    <datafield tag="533" ind1=" " ind2=" ">
        <subfield code="a">Electronic reproduction.</subfield>
        <subfield code="b">Cambridge, Mass. :</subfield>
        <subfield code="c">Tibetan Buddhist Resource Center.</subfield>
    </datafield>
    <datafield tag="546" ind1=" " ind2=" ">
        <subfield code="a">In Tibetan</subfield>
    </datafield>
    <datafield tag="653" ind1=" " ind2=" ">
        <subfield code="a">gcod/</subfield>
    </datafield>
    <datafield tag="653" ind1=" " ind2=" ">
        <subfield code="a">zhi byed/</subfield>
    </datafield>
    <datafield tag="653" ind1=" " ind2=" ">
        <subfield code="a">chos skor//</subfield>
    </datafield>
    <datafield tag="773" ind1="0" ind2=" ">
        <subfield code="t">TBRC Core Text Collection.</subfield>
        <subfield code="g">6</subfield>
    </datafield>
    <datafield tag="776" ind1="0" ind2=" ">
        <subfield code="c">Original</subfield>
        <subfield code="w">(DLC)   76900091</subfield>
    </datafield>
    <datafield tag="856" ind1="4" ind2="0">
        <subfield code="u">http://www.tbrc.org/link?RID=W00EGS1016278</subfield>
        <subfield code="z">Available from TBRC</subfield>
    </datafield>
</record>