
<record xmlns="http://www.loc.gov/MARC21/slim">
    <leader>     nam a22     5i 4500</leader>
    <controlfield tag="001">W00EGS1016282</controlfield>
    <controlfield tag="008">^^^^^^s1972^^^^ii^^^^^^^^^^^|||||||tib^d</controlfield>
    <datafield tag="040" ind1=" " ind2=" ">
        <subfield code="a">MaCbTBRC</subfield>
        <subfield code="c">MaCbTBRC</subfield>
    </datafield>
    <datafield tag="050" ind1=" " ind2="4">
        <subfield code="a">BQ7662.6</subfield>
        <subfield code="b">.M49 1972</subfield>
    </datafield>
    <datafield tag="245" ind1="0" ind2="0">
        <subfield code="6">880-01</subfield>
        <subfield code="a">las sna tshogs pa'i sngags kyi be'u bum dgos 'dod kun 'byung gter gyi bum pa bzang po/</subfield>
        <subfield code="h">[electronic resource] :</subfield>
        <subfield code="b">a rare collection of secret spells and incantations to accomplish various desired results</subfield>
    </datafield>
    <datafield tag="246" ind1="1" ind2="3">
        <subfield code="a">a rare collection of secret spells and incantations to accomplish various desired results</subfield>
    </datafield>
    <datafield tag="246" ind1="1" ind2="3">
        <subfield code="a">Las sna tshogs paʾi sṅags kyi beʾu bum dgos ʾdod kun ʾbyuṅ gter gyi bum pa bzaṅ po :a rare collection of secret spells and incantations to accomplish various desired results /by ʾJam-mgon ʾJu Mi-pham-rgya-mtsho.</subfield>
    </datafield>
    <datafield tag="880" ind1="0" ind2="0">
        <subfield code="6">245-01</subfield>
        <subfield code="a">ལས་སྣ་ཚོགས་པའི་སྔགས་ཀྱི་བེའུ་བུམ་དགོས་འདོད་ཀུན་འབྱུང་གཏེར་གྱི་བུམ་པ་བཟང་པོ།</subfield>
    </datafield>
    <datafield tag="260" ind1=" " ind2=" ">
        <subfield code="a">New delhi :</subfield>
        <subfield code="b">S.n.,</subfield>
        <subfield code="c">1972</subfield>
    </datafield>
    <datafield tag="300" ind1=" " ind2=" ">
        <subfield code="a">494 p.</subfield>
    </datafield>
    <datafield tag="500" ind1=" " ind2=" ">
        <subfield code="a">"reproduced from a manuscript belonging to b. jamyang norbu.".</subfield>
    </datafield>
    <datafield tag="506" ind1=" " ind2=" ">
        <subfield code="a">No restrictions on access.</subfield>
    </datafield>
    <datafield tag="524" ind1="1 " ind2=" ">
        <subfield code="d">Tibetan Buddhist Resource Center</subfield>
        <subfield code="f">CC-BY</subfield>
    </datafield>
    <datafield tag="520" ind1=" " ind2=" ">
        <subfield code="a">Collection of tantric ritual instructions written by Ju Mipam Namgyal Gyatso (1846-1912). Reproduced from a manuscript belonging to B. Jamyang Norbu.</subfield>
    </datafield>
    <datafield tag="533" ind1=" " ind2=" ">
        <subfield code="a">Electronic reproduction.</subfield>
        <subfield code="b">Cambridge, Mass. :</subfield>
        <subfield code="c">Tibetan Buddhist Resource Center.</subfield>
    </datafield>
    <datafield tag="546" ind1=" " ind2=" ">
        <subfield code="a">In Tibetan</subfield>
    </datafield>
    <datafield tag="653" ind1=" " ind2=" ">
        <subfield code="a">be bum/</subfield>
    </datafield>
    <datafield tag="653" ind1=" " ind2=" ">
        <subfield code="a">sngags/</subfield>
    </datafield>
    <datafield tag="720" ind1="1" ind2=" ">
        <subfield code="a">mi pham 'jam dbyangs rnam rgyal rgya mtsho/, 1846-1912</subfield>
    </datafield>
    <datafield tag="773" ind1="0" ind2=" ">
        <subfield code="t">TBRC Core Text Collection.</subfield>
        <subfield code="g">7</subfield>
    </datafield>
    <datafield tag="776" ind1="0" ind2=" ">
        <subfield code="c">Original</subfield>
        <subfield code="w">(DLC)   72903209</subfield>
    </datafield>
    <datafield tag="856" ind1="4" ind2="0">
        <subfield code="u">http://www.tbrc.org/link?RID=W00EGS1016282</subfield>
        <subfield code="z">Available from TBRC</subfield>
    </datafield>
</record>