
<record xmlns="http://www.loc.gov/MARC21/slim">
    <leader>     nam a22     5i 4500</leader>
    <controlfield tag="001">W00EGS1016284</controlfield>
    <controlfield tag="008">^^^^^^s1972^^^^ii^^^^^^^^^^^|||||||tib^d</controlfield>
    <datafield tag="040" ind1=" " ind2=" ">
        <subfield code="a">MaCbTBRC</subfield>
        <subfield code="c">MaCbTBRC</subfield>
    </datafield>
    <datafield tag="050" ind1=" " ind2="4">
        <subfield code="a">BQ7662.4</subfield>
        <subfield code="b">.J38 1972</subfield>
    </datafield>
    <datafield tag="245" ind1="0" ind2="0">
        <subfield code="a">thugs rje chen po spyan ras gzigs nan son ran grol chos skor</subfield>
        <subfield code="h">[electronic resource].</subfield>
    </datafield>
    <datafield tag="246" ind1="1" ind2="3">
        <subfield code="a">thugs rje chen po spyan ras gzigs ngan song rang grol chos skor/</subfield>
    </datafield>
    <datafield tag="246" ind1="1" ind2="3">
        <subfield code="a">texts concerned with the propitiation of avalokitesvara</subfield>
    </datafield>
    <datafield tag="246" ind1="1" ind2="3">
        <subfield code="a">spyan ras gzigs nan son ran grol</subfield>
    </datafield>
    <datafield tag="246" ind1="1" ind2="3">
        <subfield code="a">Thugs rje chen po Spyan ras gzigs ṅan soṅ raṅ ʾgrol chos skor :texts concerned with the propitiation of Avalokiteśvara /rediscovered by Rig-ʾdzin ʾjaʾ-tshon-sñiṅ-po.</subfield>
    </datafield>
    <datafield tag="260" ind1=" " ind2=" ">
        <subfield code="a">Leh :</subfield>
        <subfield code="b">S.w. tashigangpa,</subfield>
        <subfield code="c">1972</subfield>
    </datafield>
    <datafield tag="300" ind1=" " ind2=" ">
        <subfield code="a">[3], 3 [i.e. 2] leaves, [144] p.</subfield>
    </datafield>
    <datafield tag="490" ind1="0" ind2=" ">
        <subfield code="a">smanrtsis shesrig spendzod ;</subfield>
        <subfield code="v">v. 13</subfield>
    </datafield>
    <datafield tag="500" ind1=" " ind2=" ">
        <subfield code="a">Reproduced from the manuscript belonging to the ven. drukpa toosay rimpoche.</subfield>
    </datafield>
    <datafield tag="506" ind1=" " ind2=" ">
        <subfield code="a">No restrictions on access.</subfield>
    </datafield>
    <datafield tag="524" ind1="1 " ind2=" ">
        <subfield code="d">Tibetan Buddhist Resource Center</subfield>
        <subfield code="f">CC-BY</subfield>
    </datafield>
    <datafield tag="520" ind1=" " ind2=" ">
        <subfield code="a">Cycle of practice devoted to Avalokitesvara in the form of Tukje Chenpo Chenrezik Ngensong Rangdrol. Revealed by the Nyingma treasure revealer Jatson Nyingpo (1585-1656). Reproduced from a manuscript belonging to Drukpa Tukse Rinpoche.</subfield>
    </datafield>
    <datafield tag="533" ind1=" " ind2=" ">
        <subfield code="a">Electronic reproduction.</subfield>
        <subfield code="b">Cambridge, Mass. :</subfield>
        <subfield code="c">Tibetan Buddhist Resource Center.</subfield>
    </datafield>
    <datafield tag="546" ind1=" " ind2=" ">
        <subfield code="a">In Tibetan</subfield>
    </datafield>
    <datafield tag="653" ind1=" " ind2=" ">
        <subfield code="a">thugs chen ngan song rang grol thugs rje chen po ngan song rang grol ('ja' tshon snying po)/</subfield>
    </datafield>
    <datafield tag="653" ind1=" " ind2=" ">
        <subfield code="a">chos skor//</subfield>
    </datafield>
    <datafield tag="720" ind1="1" ind2=" ">
        <subfield code="a">'ja' tshon snying po, 1585-1656</subfield>
        <subfield code="e">author</subfield>
    </datafield>
    <datafield tag="773" ind1="0" ind2=" ">
        <subfield code="t">TBRC Core Text Collection.</subfield>
        <subfield code="g">7</subfield>
    </datafield>
    <datafield tag="776" ind1="0" ind2=" ">
        <subfield code="c">Original</subfield>
        <subfield code="w">(DLC)   78928502</subfield>
    </datafield>
    <datafield tag="856" ind1="4" ind2="0">
        <subfield code="u">http://www.tbrc.org/link?RID=W00EGS1016284</subfield>
        <subfield code="z">Available from TBRC</subfield>
    </datafield>
</record>