
<record xmlns="http://www.loc.gov/MARC21/slim">
    <leader>     nam a22     5i 4500</leader>
    <controlfield tag="001">W00EGS1016286</controlfield>
    <controlfield tag="008">^^^^^^s1974^^^^ii^^^^^^^^^^^|||||||tib^d</controlfield>
    <datafield tag="040" ind1=" " ind2=" ">
        <subfield code="a">MaCbTBRC</subfield>
        <subfield code="c">MaCbTBRC</subfield>
    </datafield>
    <datafield tag="245" ind1="0" ind2="0">
        <subfield code="6">880-01</subfield>
        <subfield code="a">sgom gyi gnad gsal bar phye ba bsam gtan mig sgron/</subfield>
        <subfield code="h">[electronic resource] :</subfield>
        <subfield code="b">a treatise on bhavana and dhyana and the relationships between the various approaches to buddhist contemplative practice</subfield>
    </datafield>
    <datafield tag="246" ind1="1" ind2="3">
        <subfield code="a">rnal 'byor mig gi bsam gtan/</subfield>
    </datafield>
    <datafield tag="246" ind1="1" ind2="3">
        <subfield code="a">bsam gtan mig sgron/</subfield>
    </datafield>
    <datafield tag="246" ind1="1" ind2="3">
        <subfield code="a">a treatise on bhavana and dhyana and the relationships between the various approaches to buddhist contemplative practice</subfield>
    </datafield>
    <datafield tag="880" ind1="0" ind2="0">
        <subfield code="6">245-01</subfield>
        <subfield code="a">སྒོམ་གྱི་གནད་གསལ་བར་ཕྱེ་བ་བསམ་གཏན་མིག་སྒྲོན།</subfield>
    </datafield>
    <datafield tag="260" ind1=" " ind2=" ">
        <subfield code="a">Leh :</subfield>
        <subfield code="b">S.w. tashigangpa,</subfield>
        <subfield code="c">1974</subfield>
    </datafield>
    <datafield tag="300" ind1=" " ind2=" ">
        <subfield code="a">505 columns</subfield>
    </datafield>
    <datafield tag="490" ind1="0" ind2=" ">
        <subfield code="a">smanrtsis shesrig spendzod ;</subfield>
        <subfield code="v">v. 74</subfield>
    </datafield>
    <datafield tag="500" ind1=" " ind2=" ">
        <subfield code="a">Reproduced from a manuscript made presumably from an eastern tibetan print by 'khor-gdon gter-sprul 'chi-med-rig-'dzin.</subfield>
    </datafield>
    <datafield tag="506" ind1=" " ind2=" ">
        <subfield code="a">No restrictions on access.</subfield>
    </datafield>
    <datafield tag="524" ind1="1 " ind2=" ">
        <subfield code="d">Tibetan Buddhist Resource Center</subfield>
        <subfield code="f">CC-BY</subfield>
    </datafield>
    <datafield tag="520" ind1=" " ind2=" ">
        <subfield code="a">Eighth century treatise on types of Buddhist meditation written by Nubchen Sanggye Yeshe (9th cent.). Reproduced from a manuscript likely made from an eastern Tibetan blockprint by Khordon Tertrul Chime Rigdzin.</subfield>
    </datafield>
    <datafield tag="533" ind1=" " ind2=" ">
        <subfield code="a">Electronic reproduction.</subfield>
        <subfield code="b">Cambridge, Mass. :</subfield>
        <subfield code="c">Tibetan Buddhist Resource Center.</subfield>
    </datafield>
    <datafield tag="546" ind1=" " ind2=" ">
        <subfield code="a">In Tibetan</subfield>
    </datafield>
    <datafield tag="653" ind1=" " ind2=" ">
        <subfield code="a">rdzogs chen/</subfield>
    </datafield>
    <datafield tag="653" ind1=" " ind2=" ">
        <subfield code="a">rnying ma/</subfield>
    </datafield>
    <datafield tag="720" ind1="1" ind2=" ">
        <subfield code="a">sangs rgyas ye shes/  gnubs chen sangs rgyas ye shes, 8uu.</subfield>
    </datafield>
    <datafield tag="773" ind1="0" ind2=" ">
        <subfield code="t">TBRC Core Text Collection.</subfield>
        <subfield code="g">8</subfield>
    </datafield>
    <datafield tag="856" ind1="4" ind2="0">
        <subfield code="u">http://www.tbrc.org/link?RID=W00EGS1016286</subfield>
        <subfield code="z">Available from TBRC</subfield>
    </datafield>
</record>