
<record xmlns="http://www.loc.gov/MARC21/slim">
    <leader>     nam a22     5i 4500</leader>
    <controlfield tag="001">W00EGS1016292</controlfield>
    <controlfield tag="008">^^^^^^s1982^^^^ii^^^^^^^^^^^|||||||tib^d</controlfield>
    <datafield tag="040" ind1=" " ind2=" ">
        <subfield code="a">MaCbTBRC</subfield>
        <subfield code="c">MaCbTBRC</subfield>
    </datafield>
    <datafield tag="050" ind1=" " ind2="4">
        <subfield code="a">BQ1267</subfield>
        <subfield code="b">.R94 1982</subfield>
    </datafield>
    <datafield tag="245" ind1="0" ind2="0">
        <subfield code="a">rgyal ba'i bka' 'gyur rin po che'i 'bri klog dan 'chad nan byed mkhan rnams la ne bar mkho ba'i yi ge gzan phan rnam dag gi gsal byed me lon</subfield>
        <subfield code="h">[electronic resource] :</subfield>
        <subfield code="b">detailed comparisons of the textual variations between the snar-than and urga redactions of the tibetan bka'-'gyur with notesconcerning the co-ne, sde-dge, and beijing red prints</subfield>
    </datafield>
    <datafield tag="246" ind1="1" ind2="3">
        <subfield code="a">detailed comparisons of the textual variations between the snar-than and urga redactions of the tibetan bka'-'gyur with notesconcerning the co-ne, sde-dge, and beijing red prints</subfield>
    </datafield>
    <datafield tag="260" ind1=" " ind2=" ">
        <subfield code="a">New delhi :</subfield>
        <subfield code="b">Tibet house,</subfield>
        <subfield code="c">1982</subfield>
    </datafield>
    <datafield tag="300" ind1=" " ind2=" ">
        <subfield code="a">[156] p.</subfield>
    </datafield>
    <datafield tag="490" ind1="0" ind2=" ">
        <subfield code="a">rare buddhist manuscripts from the u.s.s.r. ;</subfield>
        <subfield code="v">v. 1</subfield>
    </datafield>
    <datafield tag="500" ind1=" " ind2=" ">
        <subfield code="a">"reproduced from a manuscript presented by the ven. tanpai nyima of the ribo gegye geden phuntsokling datshang of buryat a.s.s.r.".</subfield>
    </datafield>
    <datafield tag="506" ind1=" " ind2=" ">
        <subfield code="a">No restrictions on access.</subfield>
    </datafield>
    <datafield tag="524" ind1="1 " ind2=" ">
        <subfield code="d">Tibetan Buddhist Resource Center</subfield>
        <subfield code="f">CC-BY</subfield>
    </datafield>
    <datafield tag="520" ind1=" " ind2=" ">
        <subfield code="a">Detailed comparative analysis between the Tibetan Nartang and Mongolia Khure editions of the Kangyur. Contains notes specifically concerning Chonne, Degge, and Beijing red prints. Reproduced from a manuscript of Venerable Tenpai Nyima of the Riwo Gegye Geden Puntsok Ling Dratsang in Buryatia, Russia.</subfield>
    </datafield>
    <datafield tag="533" ind1=" " ind2=" ">
        <subfield code="a">Electronic reproduction.</subfield>
        <subfield code="b">Cambridge, Mass. :</subfield>
        <subfield code="c">Tibetan Buddhist Resource Center.</subfield>
    </datafield>
    <datafield tag="546" ind1=" " ind2=" ">
        <subfield code="a">In Tibetan</subfield>
    </datafield>
    <datafield tag="653" ind1=" " ind2=" ">
        <subfield code="a">bka' 'gyur dang bstan 'gyur/</subfield>
    </datafield>
    <datafield tag="653" ind1=" " ind2=" ">
        <subfield code="a">/</subfield>
    </datafield>
    <datafield tag="776" ind1="0" ind2=" ">
        <subfield code="c">Original</subfield>
        <subfield code="w">(DLC)   83903670</subfield>
    </datafield>
    <datafield tag="856" ind1="4" ind2="0">
        <subfield code="u">http://www.tbrc.org/link?RID=W00EGS1016292</subfield>
        <subfield code="z">Available from TBRC</subfield>
    </datafield>
</record>
